1780 2885
107 88 134 124 20
438 95 493 138 Caput
506 96 520 129 1.

107 200 177 241 Isthm.
192 215 210 253 p.
220 189 260 240 315
277 201 420 240 contestatam:
435 196 576 254 ,κομίσαντες
585 197 610 241 τὸ
621 202 685 254 σῶμα
693 201 731 242 τοῦ
741 197 850 258 Μελικέρ-

108 284 158 318 τοιις
173 264 219 310 ἀπὸ
233 265 447 322 Σχοιιιοιιιιτίας“
461 272 496 309 aut
509 282 553 309 rem
567 270 591 309 ab
602 269 685 322 Hygino
700 272 799 324 proditam
811 272 850 311 fab.

61 358 63 361 ·
110 342 148 380 88:
170 339 324 391 „Sicyonem
348 339 451 392 pervenit,
477 339 511 379 ubi
531 339 574 379 erat
592 339 674 392 Pelopia
693 340 735 380 filia
754 341 850 394 Thyestis

109 409 228 461 deposita“,
257 408 392 447 velamentum
415 396 540 461 quaesivisse
564 408 624 459 uitio,
650 409 703 461 qarod
726 409 852 450 disseminari

111 480 202 530 coeptum
218 479 250 516 est
266 490 278 516 a
293 477 378 517 librariis
393 490 405 517 a
421 478 532 531 perscripto
547 478 627 518 nomine
642 476 763 531 Sicyonis
777 492 796 518 v.
809 482 851 519 179

109 547 229 587 recentibus.
261 546 315 592 Quid
329 560 400 586 verum
414 547 451 597 sit,
465 548 540 587 indict
554 549 576 590 et
590 547 663 587 Thesei
676 547 751 587 mentio
765 547 822 587 illata
831 549 852 587 et

110 617 206 656 memoria
216 616 305 655 codicum
315 615 475 666 Monacensium,
490 629 540 668 qnos
550 617 682 669 inspeximus,
695 618 755 657 haec:
770 618 852 668 „unde
886 617 889 627 '

113 689 145 726 est
161 685 340 738 Peloponnessum
358 686 492 726 sicionia.“
529 685 570 732 Qui
582 686 636 725 enim
652 699 721 726 eorum
735 687 852 726 recordatus

112 755 183 804 fuerit,
206 767 257 807 qnae
277 754 344 794 docuit
360 753 432 795 Strabo
445 754 483 795 lX.
506 768 524 807 p.
541 758 592 795 391:
615 748 637 795 αἱ
658 751 795 809 Σκειρωνίιλες
813 750 852 795 πί-

111 822 160 880 τραι
177 818 273 878 πάροδον
287 820 326 863 οὐν,
339 820 500 869 ἀπολείπουσαι
511 820 566 879 πρὸς
578 819 682 878 θαλάττῃ.
703 818 769 878 Ὑπὲρ
784 819 853 864 αὐτῶν

18 911 20 913 ·
113 889 189 934 δ’ἐστὶν
210 887 222 947 η
242 887 292 941 tate
311 887 323 947 ἡ
345 889 383 932 ἐπί
402 888 511 946 Μεμοίρων
529 890 565 933 καὶ
584 893 622 948 τῆς
637 884 738 948 Ἀττικῆς
755 885 801 934 οἷπὸ
814 892 854 935 τοῦ

113 959 205 1014 ι’σίλμοῖῖἸ
231 958 286 1001 otho
308 958 332 1002 dd
351 955 436 1017 σφόδρα
457 956 570 1017 πλησιάζει
587 962 635 1011 ταῖς
655 958 746 1016 πέτραις
764 956 777 1018 ἡ
796 956 852 1013 ὁδὸς,

114 1027 169 1071 ὥστε
188 1029 298 1081 πολλαχοῦ
316 1028 352 1071 καί
371 1024 517 1086 κατείκρημνός
538 1026 584 1071 ἔστι
604 1027 641 1071 διὰ
661 1027 686 1071 τὸ
705 1025 855 1086 ὑπερκείμενον

114 1095 164 1155 ὅρος
185 1094 288 1152 diapante
308 1114 332 1139 τε
350 1096 386 1139 καί
403 1094 493 1155 ὑψηλόν.
525 1091 630 1139 Ἐνταῦθα
650 1095 673 1139 dex
693 1096 810 1152 μυθεύεται
827 1093 854 1140 τὰ

113 1165 165 1222 περὶ
190 1168 228 1209 τοί·
249 1163 379 1223 Σκείρωνος,
405 1181 455 1222 quae
477 1154 620 1208 confirmarunt
641 1167 751 1208 Whelerus
773 1181 791 1221 p.
806 1171 854 1210 436.

114 1237 239 1277 Chandlerus
259 1252 277 1290 p.
291 1241 338 1277 270.
361 1238 411 1277 conf.
426 1237 535 1277 Pocockius
551 1236 574 1276 Τ,
583 1236 623 1278 HL
637 1250 656 1288 p.
666 1238 707 1277 245
724 1239 816 1290 (quornm
830 1239 853 1278 il-

113 1307 155 1346 lum
175 1306 293 1357 Elmsleius,
318 1307 371 1346 huuc
389 1306 524 1346 Tnschuckius
547 1308 568 1345 et
588 1304 704 1345 Siebclisins
728 1306 853 1357 attulerunt),

114 1374 237 1429 Sponiusll.
259 1390 277 1428 p.
288 1378 335 1414 171.
361 1376 410 1415 conf.
430 1374 488 1414 Osid.
501 1374 607 1414 hletVH.
625 1376 678 1414 443:
704 1374 804 1424 „Tutus
824 1375 853 1415 ad

114 1444 269 1494 Alcathoen,
285 1444 380 1497 Lelegeia
394 1444 483 1494 moenia,
499 1443 575 1483 limes
591 1442 705 1496 Composito
722 1442 803 1484 Scirone
817 1458 853 1497 pa-

113 1514 164 1558 tet“',
189 1513 332 1565 suffragabitur
356 1514 488 1563 existimanti,
512 1525 571 1565 quam
589 1512 677 1552 fabulam
695 1512 812 1564 Lactantius
831 1513 853 1552 in

115 1581 176 1621 Theb.
188 1582 204 1621 Ι.
222 1586 263 1623 333
283 1585 412 1632 narraverat,
433 1582 516 1621 eandem
535 1581 629 1621 hocloco
644 1582 775 1621 monstratam
790 1582 853 1621 iirisse

114 1650 151 1690 hoc
170 1651 216 1690 iere
239 1653 308 1691 modo:
332 1651 445 1703 „lsthmos)
470 1651 630 1703 Peloponnesum
650 1650 750 1701 significat
768 1664 852 1690 omnem.

114 1719 238 1770 Alterno)
262 1721 313 1773 quod
340 1722 452 1761 summouet
475 1719 611 1759 Helladam
631 1719 694 1769 (codd.
709 1719 852 1769 helladam)

116 1786 234 1828 Scironis
257 1791 308 1838 via3
333 1790 398 1830 adhuc
421 1790 473 1828 enim
497 1788 536 1827 illis
561 1788 610 1827 locis
630 1787 705 1827 Thesei
726 1789 853 1828 virtutem

113 1856 359 1908 loquuntu1·,;unde
379 1861 411 1898 est
425 1858 446 1896 in
459 1858 639 1909 Peloponnesum
654 1855 769 1899 Scironis
788 1858 853 1896 Via.“

115 1924 210 1965 Similiter
222 1927 299 1967 Plinius
307 1927 343 1967 iv.
355 1930 374 1977 5,
387 1930 411 1966 4:
430 1925 536 1978 „Angusta
551 1925 628 1965 cervice
637 1924 797 1978 Peloponnesum
807 1939 852 1965 con-

114 1994 165 2033 tinet
177 1994 248 2035 Hellas
254 1997 265 2016 ‘⁴
280 1998 300 2035 et
315 1996 369 2035 hlela
378 1997 406 2037 Π.
417 1999 436 2044 3,
448 1999 469 2035 7:
488 1993 592 2044 „Isthmos
611 1996 698 2045 angusto
711 1995 790 2034 tramite
803 1994 852 2034 Hel-

114 2061 155 2101 ladi
165 2063 315 2117 Peloponneson
330 2065 434 2105 aduectit“
449 2063 499 2103 conf.
510 2063 619 2102 Tnschucls.
635 2063 656 2101 in
670 2062 685 2102 I.
699 2066 732 2113 17,
742 2067 760 2104 3.
775 2077 793 2116 p.
804 2066 851 2104 506.

114 2131 205 2173 Vollll
224 2134 242 2173 P.
252 2134 268 2173 Ι.
289 2148 292 2157 .
586 2130 588 2133 ’

183 2202 215 2241 De
238 2203 307 2243 infami
331 2204 399 2242 autem
418 2201 504 2254 hospitio
523 2198 611 2240 Scironis
630 2197 763 2239 Ualhmachus
783 2199 804 2237 in
822 2212 852 2238 se-

114 2270 189 2320 cundo,
206 2272 245 2310 nisi
259 2272 305 2324 quid
320 2286 352 2311 me
365 2272 426 2321 fallit,
442 2269 546 2323 Originum
562 2269 612 2308 libro
628 2281 652 2307 ea
668 2267 788 2317 tradiderat,
802 2281 852 2321 quae

113 2340 204 2380 referunt
225 2340 337 2381 Scholiasta
354 2339 422 2393 Eurip.
442 2339 523 2393 Hippoi.
538 2341 585 2378 976.
604 2351 623 2390 p.
633 2339 687 2376 494:
714 2332 852 2390 Σκειρωνίδας

115 2405 194 2461 πέτραι
218 2408 331 2450 καλοῦνται
351 2400 397 2448 sind
418 2410 459 2457 ,coir
476 2402 603 2461 Σκείρωνος,
628 2398 653 2453 dg
671 2401 708 2460 την
727 2402 852 2461 Χελαίνην

114 2472 208 2531 ἔτρεφεν,
224 2470 250 2517 οὗ
262 2474 367 2530 μέμνηται
379 2471 518 2528 Καλλίμαχος
536 2476 614 2527 (fragm.
628 2476 674 2514 377.
689 2488 707 2526 p.
718 2475 759 2513 295
773 2473 852 2523 Blomf.)

114 2548 135 2584 et
149 2545 259 2586 Pausanias
270 2547 286 2586 l.
296 2550 330 2596 44,
340 2549 366 2585 12
386 2559 410 2585 ac
424 2545 524 2584 Diodorus
534 2543 570 2583 IV.
585 2557 604 2596 p.
617 2545 665 2592 303,
680 2546 703 2592 2,
722 2543 804 2595 praeter
815 2543 852 2581 hos

113 2614 199 2667 scriptor
213 2614 274 2666 Ciris,
294 2629 354 2667 quem
373 2614 438 2654 omisit
455 2611 606 2664 Wesselingius
625 2612 645 2651 in
659 2611 739 2651 Diodor.
754 2612 766 2649 l.
779 2610 803 2660 d,
817 2610 851 2648 ad-

110 2684 203 2735 jecerunt
220 2684 321 2724 Bachetns
344 2685 365 2723 in
381 2682 438 2723 Ovid.
453 2682 517 2735 Epist.
531 2680 547 2721 I.
567 2695 586 2734 p.
602 2684 642 2721 142
658 2682 679 2719 et
694 2677 816 2729 Salvagnius
830 2679 851 2717 in

110 2750 198 2795 thama
218 2766 236 2805 p.
249 2756 295 2799 102,
310 2766 329 2792 v.
339 2754 392 2793 464:
409 2751 524 2802 „Praeterit
541 2751 638 2801 abruptas
654 2747 741 2787 Scironis
758 2745 850 2799 protinus
