1780 2936
389 85 444 127 Caput
455 82 504 118 VIII:
547 50 549 53 ι
604 99 606 103 >
784 71 824 109 161

82 192 142 231 naun
161 192 268 232 verborum
290 190 368 239 ordine3
392 203 440 229 nam
456 199 573 243 perperam,
592 188 615 226 ut
634 199 660 225 ex
678 183 826 238 comparatione

83 260 168 300 nominis
183 255 320 316 ἀλεξητήριον
336 259 466 311 intelligitur,
481 257 533 297 infra
547 257 631 295 uerbum
641 249 718 295 καθίει
728 253 826 293 reiectum

83 330 236 370 videturesse:
256 331 311 369 certe
330 329 448 382 praestabat
461 328 489 366 ita
502 325 568 366 omnia
583 324 655 376 digeri:
676 318 760 374 audiet,
777 318 826 363 δαί-

84 398 159 450 δαλον,
175 398 244 455 ψευδῆ
259 393 329 449 δόσιν,
343 400 367 438 ut
382 392 484 438 δαίδαλον
498 396 552 435 idem
567 406 613 433 esse
628 394 750 433 statueretur
766 394 827 444 atque

84 463 198 521 δαίδαλμα,
227 467 270 508 Nec
283 468 324 507 iam
339 467 426 506 referam
440 477 511 518 parum
526 463 621 515 religiose
637 464 728 501 serratas
745 462 826 501 criticae

84 538 133 578 artis
151 538 219 590 leges:
239 549 286 576 nam
299 548 337 575 nec
350 536 444 574 accentus
461 533 529 572 sedem
545 534 621 571 temere
636 531 753 570 mutandam
767 531 826 570 corri-

84 607 141 658 genti
160 619 206 645 esse
227 605 337 645 identidem
355 603 463 643 insulcant
477 601 621 641 Boissonadius
641 613 679 640 nec
694 599 752 639 facile
766 600 827 639 fidem

83 675 161 714 inuenit
174 686 216 713 vox
230 668 334 714 δαίδαλον
350 684 361 712 a
376 671 461 711 librariis
477 681 575 709 conversa
588 670 610 708 in
625 681 669 708 eam
680 669 763 708 formam
774 667 827 720 (δαι-

86 742 99 784 d
104 740 192 794 (λλον),
208 742 265 782 cuius
280 742 394 781 intellectus
410 741 442 779 est
456 740 557 792 aliquanto
572 738 674 778 diffieilior.

144 811 184 851 Sed
204 812 293 850 nondum
311 813 393 863 peracta
413 821 475 848 causa
496 809 532 847 est.
559 808 644 847 Addidit
659 808 712 846 enim
726 807 827 859 Houptius

85 895 103 934 p.
116 884 127 920 7
139 881 198 931 haec,
219 881 290 934 qrubus
308 893 349 919 non
363 879 484 918 mediocrem
500 878 634 930 interpretum
648 877 792 928 negligentiam
808 877 829 914 et

85 951 211 1003 vituperaret
234 953 255 990 et
281 950 396 1001 corrigeret.
430 948 455 986 In
477 948 552 986 eisdem
570 947 610 986 illis
629 946 733 996 versibus,
757 946 828 997 inquit,

86 1007 157 1071 quibus
172 1019 280 1072 Euripides
295 1018 388 1057 Herculis
403 1018 481 1056 claram
491 1018 588 1055 memorat
598 1016 653 1054 aliud
662 1018 737 1066 restat,
754 1016 828 1067 dequo

86 1088 192 1127 dicendum
207 1101 230 1127 eo
245 1088 311 1138 magis
327 1090 368 1136 est,
384 1100 422 1138 quo
437 1085 579 1137 neglegentius
591 1085 714 1137 interpretes
724 1098 768 1123 rem
779 1085 828 1123 satis

85 1158 234 1197 memorabilem
252 1156 437 1209 praetermiserunt,
472 1155 547 1193 Narrat
566 1155 626 1193 antea
644 1154 730 1205 Megara
751 1153 828 1193 Hercu-

86 1226 127 1265 lem
151 1241 196 1266 cum
215 1227 251 1265 uni
267 1225 354 1265 filiorum
373 1224 474 1275 Argiuum
492 1237 579 1275 reguum
600 1223 711 1262 destinaret
731 1223 790 1262 simul
810 1224 828 1262 ei

87 1295 178 1334 induisse
195 1295 269 1347 pellem
278 1294 383 1334 leoninam.
405 1294 455 1333 scite
465 1293 503 1332 lroc
512 1295 573 1345 poeta
582 1292 678 1332 instituit:
694 1294 829 1343 congruenter

87 1364 145 1404 enim'
154 1365 221 1404 futuro
236 1364 281 1415 regi
295 1363 419 1415 Argiuorum
434 1362 524 1413 Argolici
539 1362 623 1401 monstri
639 1361 725 1401 exuviae
738 1362 829 1401 tribuun-

87 1434 126 1472 tur.
145 1433 191 1472 hino
209 1432 318 1472 Elmsleins
336 1431 437 1471 intellexit
455 1416 524 1470 clavae
543 1430 604 1469 etiam
624 1431 645 1469 et
663 1429 754 1469 Thebani
771 1430 830 1482 regui

89 1515 134 1541 esse
148 1501 221 1541 debere
237 1502 320 1541 similem
335 1501 422 1553 aliquam
436 1500 599 1540 communionem.
619 1499 655 1538 sed
669 1499 759 1539 abutitur
769 1513 792 1539 eo
804 1500 830 1539 ad

77 1570 229 1624 *infirmandum
243 1570 354 1609 Hermanni
368 1564 480 1620 δαίδαλον,
496 1582 532 1621 pro
543 1582 582 1620 quo
592 1568 668 1607 trustra
678 1569 759 1608 uidetur
770 1582 829 1621 quae-

89 1640 172 1689 sivisse,
193 1640 245 1690 quod
265 1639 377 1678 declararet
396 1638 493 1690 quomodo
509 1638 566 1677 clara
578 1638 604 1676 ad
619 1637 698 1676 Thebas
713 1638 830 1689 pertineret.

89 1709 199 1761 quaesivit,
215 1710 239 1747 ut
253 1709 319 1757 aiunt,
333 1708 408 1746 nodum
423 1707 443 1745 in
459 1707 529 1759 scirpo.
554 1706 627 1745 etenim
642 1705 741 1758 Iosephus
751 1706 830 1746 Eckhe-

89 1778 128 1817 lius
148 1777 210 1817 doctr.
225 1790 299 1816 numm.
318 1776 395 1816 rolH.
410 1790 429 1828 p.
441 1778 481 1815 202
494 1789 535 1828 sqq.
555 1764 633 1828 prolato
643 1789 724 1815 nummo
735 1775 830 1816 Thebano

89 1847 110 1886 iu
122 1860 160 1899 quo
175 1846 259 1899 clypeus
275 1845 371 1885 Boeotius
384 1846 405 1884 et
418 1845 495 1885 inserta
508 1845 528 1884 ei
542 1846 599 1885 claua
614 1857 712 1897 expressa
727 1846 759 1885 est
773 1858 831 1896 egre-

90 1915 123 1968 gie
136 1908 204 1956 docuit
217 1915 323 1965 Herculis,
337 1914 410 1967 quippe
425 1914 499 1954 Thebis
514 1915 566 1964 nati,
588 1915 665 1954 claram
679 1913 758 1966 insigne
768 1915 831 1954 fnisse

91 1986 193 2025 scutorum
207 1984 348 2024 Thebanorum
359 1984 475 2036 primusque
490 1983 599 2036 explicarit
608 1997 648 2023 non
657 1983 759 2023 intellecta
769 1983 832 2023 uerba

90 2054 231 2106 Xenophontis
247 2054 293 2092 hist.
307 2051 341 2093 Gr.
352 2052 400 2092 VH.
417 2054 442 2101 5,
457 2054 494 2091 20:
515 2048 663 2107 ἐπεγράφοντο
678 2048 748 2092 δὲκαὶ
759 2046 778 2092 οἳ
790 2052 832 2091 τῶν

88 2118 202 2177 Ἀρκαδων
222 2116 310 2162 ὁπλῖται
331 2117 417 2175 ῥόπαλα
433 2116 526 2172 ἔχοντες,
547 2115 575 2169 ὡς
592 2120 684 2175 Θηβαῖοι
697 2116 760 2168 ὄντες.
791 2120 832 2160 lta-

92 2204 130 2244 que
149 2203 189 2230 non
207 2190 338 2230 metuendum
357 2190 401 2229 erat
418 2188 511 2242 Euripidi
529 2203 555 2228 ue
569 2190 690 2229 mirarentur
708 2191 832 2242 spectatores

92 2261 217 2299 coniunctam
233 2260 302 2299 clauae
317 2260 337 2298 et
351 2258 409 2311 regni
424 2258 514 2298 Thebani
530 2259 754 2298 commemorationem
777 2257 833 2310 Ergo

91 2329 202 2368 Elmsleius
217 2329 327 2382 quaesiuit,
346 2330 369 2367 ut
383 2327 486 2380 Hauptius
503 2328 560 2378 dicit,
582 2329 655 2368 nodum
670 2329 690 2367 in
705 2328 775 2379 scirpo.
805 2328 835 2367 At

92 2398 194 2450 Hauptius
204 2397 259 2447 fovit,
272 2400 295 2436 ut
303 2398 364 2447 aiunt,
377 2410 414 2450 pro
425 2397 502 2436 lunone
512 2398 634 2436 nubeculam.
656 2397 709 2443 Quid
719 2397 785 2435 enim?
800 2397 835 2450 qui

93 2466 195 2517 „Arcades
203 2467 298 2519 inscripto
310 2467 387 2520 clypeis
400 2467 442 2505 suis
452 2468 521 2506 clarae
530 2467 604 2518 insigni
616 2479 661 2505 sese
673 2466 779 2506 Thebanos
789 2480 835 2520 pro-

93 2537 170 2576 fessos‘
178 2536 302 2586 coniectarit,
314 2536 331 2575 is
339 2549 405 2575 nonne
416 2537 526 2576 orationem
536 2537 575 2575 fert
581 2549 604 2575 ac
610 2536 709 2588 probatin
718 2537 835 2588 ambiguum

93 2607 215 2660 implicatam
231 2605 259 2656 (in
273 2606 323 2644 duos
345 2605 396 2644 enim
412 2605 536 2657 significatus
549 2606 611 2645 rerba
624 2600 653 2653 ὡς
667 2600 727 2654 ὄντες
743 2605 836 2660 Θηβαῖοι

95 2677 227 2725 diducuntm·‚
239 2677 275 2714 aut
287 2676 308 2713 in
323 2675 388 2714 illum:
403 2676 480 2726 quasi
495 2677 563 2715 esseut
578 2675 679 2725 Thebani,
694 2678 729 2715 aut
743 2676 764 2714 in
773 2676 837 2713 hunc:

95 2747 193 2799 qnippe
209 2744 242 2799 qni
257 2746 326 2784 essent
340 2743 450 2794 Thebana?
470 2745 487 2784 is
502 2757 567 2784 nonne
581 2757 655 2785 noram
672 2746 693 2784 et
702 2743 838 2783 incredibilem

124 2824 184 2854 Sinis,
662 2817 687 2854 11
