1780 2885
82 57 123 95 146
398 69 453 111 caput
464 68 504 104 VH.

80 170 119 211 Ubi
133 172 251 212 uocabulum
268 173 353 224 στοῖχος
368 173 405 224 (sic
420 174 473 213 enim
490 172 563 215 Graeci
577 178 651 216 vocant
662 177 716 217 chori
731 177 825 218 seriem

81 239 172 281 Schneid.
194 241 247 282 Xen.
268 240 351 283 Contio.
366 242 394 282 Π.
406 245 438 282 20.
458 257 476 296 p.
489 246 523 295 77)
538 244 566 284 ita
578 238 673 298 positum
692 248 733 296 est,
759 248 782 286 ut
801 247 825 286 ab

81 310 183 364 Aeschylo
202 311 258 351 Pers.
276 315 327 352 372:
350 306 412 361 τιίξαι
437 311 489 352 νοῶν
514 309 552 365 μέν
572 314 651 369 στῖφος
672 309 697 353 ἐν
717 310 825 365 στίχοις

79 375 161 434 τρισίν,
182 379 286 421 Clemente
306 380 366 421 mex.
387 379 517 422 StrumVlI.
536 396 556 436 p.
573 383 658 424 acor:
682 379 825 438 παραδείσοις

80 444 232 505 ἐξησκημένους
255 446 344 498 ἐκείνοις
365 450 411 499 τοῖς
435 446 461 490 έν
483 447 584 506 στοίχῳ
601 448 825 508 καταπεφυτευμένοις

78 512 109 566 εἰς
128 512 205 574 ἡδονὴν
226 513 299 574 littoreo
318 518 349 568 (cf.
371 517 437 572 Apoll.
457 518 521 560 Rhod.
536 520 551 560 l.
568 522 605 560 29:
629 517 694 576 φηγοί
715 544 736 547 --
757 515 824 576 ἑξείης

80 581 199 639 στιχόωσιν.
234 586 274 627 lac.
293 587 364 627 Achill.
385 587 429 628 Tat.
445 588 460 628 l.
478 592 496 628 1.
514 602 533 641 p.
551 591 598 630 396.
629 589 686 629 VHI.
698 592 716 630 5.
736 603 755 643 p.
768 591 823 639 938),

77 655 184 697 Eustathio
205 655 279 709 Opusc.
293 655 376 696 XXHI.
394 660 426 697 13.
446 671 465 710 p.
482 660 584 707 199,22:
605 656 659 698 κατὰ
679 656 716 714 την
735 657 823 715 φιλοσο-

79 722 184 781 φουμένην
211 721 334 776 συστοιχίαν
359 722 397 781 τὴν
419 721 546 780 ἐκλέγουσαν
569 724 608 778 μὲν
628 722 654 766 έν
675 722 777 782 στοίχιμ
795 723 821 767 τδ

78 789 162 848 ἀγαθὰ,
179 790 225 850 iola
241 791 265 835 δὲ
280 792 307 833 τὰ
322 792 351 850 μη
362 793 450 834 τοιαῦτα
466 790 631 848 σκορακίζουσαν
647 796 670 834 cf.
681 796 752 836 Iulian.
764 796 822 837 caes.

78 881 96 920 p.
109 867 147 915 10,
159 857 182 905 9.·
203 860 230 904 ἐν
250 856 280 903 κδ
287 875 343 917 σμηι
362 862 460 918 προῆγεν,
494 863 559 903 Boiss.
574 863 667 904 Philostr.
681 863 729 904 Her.
744 868 822 918 pata.

78 935 149 975 Fidem
159 935 241 973 nostrae
254 933 380 972 coniecturae
390 933 466 972 faoiunt
480 931 578 986 Apuleius
589 933 637 972 Met.
648 933 675 972 X.
690 948 708 987 p.
721 936 763 974 734
776 936 823 986 (quo

77 1006 132 1044 teste
151 1003 184 1042 usi
203 1004 251 1041 sunt
266 1000 331 1042 Cerda
345 1001 402 1052 Virg.
418 1000 504 1041 Acar
516 1003 563 1042 585.
583 1016 602 1055 p.
613 1002 690 1041 562D.
719 1002 823 1042 lleursius

78 1072 178 1127 Lycoplir.
190 1074 237 1111 249.
252 1085 270 1123 p.
283 1072 344 1109 1210.
365 1070 527 1121 Lindenbrogius
538 1070 603 1110 Amm.
614 1070 676 1111 lllarc.
686 1070 745 1111 XVI.
757 1072 776 1122 5,
788 1075 820 1112 10.

77 1157 96 1195 p.
109 1144 161 1192 188,
180 1155 221 1180 αοα
240 1141 289 1180 item
305 1139 417 1179 Muellerus
432 1139 480 1179 Dor.
491 1139 518 1179 Π.
538 1154 557 1193 p.
571 1142 618 1180 250.
634 1143 675 1181 336
687 1141 735 1193 sq.):
759 1142 822 1193 puelli

77 1211 228 1265 puellaeque
251 1233 279 1237 -
303 1207 496 1249 Graecanicam
523 1210 621 1249 saltantes
650 1208 821 1262 pyrrhicham

77 1281 181 1335 dispositis
202 1278 359 1320 ordinationibus
378 1278 461 1318 decoros
481 1277 568 1318 ambitus
588 1278 704 1318 inerrabaut
723 1292 776 1319 nunc
795 1280 821 1319 in

78 1352 138 1391 orbe
153 1351 271 1390 rotarum
283 1347 379 1397 flexuosi,
394 1360 448 1386 nunc
463 1346 600 1400 inobliquam
613 1348 708 1387 seriem
719 1349 821 1387 connexi“

78 1421 110 1472 (cf.
125 1418 185 1459 Salm.
202 1417 267 1471 Spart.
283 1415 346 1457 Hadr.
359 1419 391 1455 19.
405 1430 423 1468 p.
435 1416 486 1467 179)
497 1417 523 1466 et,
538 1418 562 1456 ut
576 1418 703 1469 praeteream
716 1416 821 1457 Platonem

77 1490 141 1541 Legg.
153 1487 199 1528 VH.
212 1490 230 1526 6.
251 1501 269 1540 p.
282 1488 333 1526 796:
355 1480 469 1539 πανοπλίᾳ
488 1481 512 1525 δὲ
533 1483 634 1525 παντελεῖ
648 1485 785 1540 κοσμηθεῖσα
801 1480 821 1541 [ἡ

76 1552 215 1613 Κόμμοδτο)
230 1553 268 1611 την
284 1549 369 1609 δρχησιν
384 1547 531 1609 διαπτραίνει·
547 1547 597 1609 δίδη
608 1547 692 1602 πάντας
701 1554 820 1606 μιμεῖσθαι

77 1624 164 1683 πρέπον
182 1620 208 1665 δν
228 1618 261 1679 εἴη
280 1618 355 1677 κόρους
374 1636 397 1662 το
412 1619 456 1674 δίμα
471 1620 507 1662 καί
522 1619 588 1676 κόρας
602 1636 626 1662 ac
639 1622 759 1677 Dionysium
773 1623 819 1664 Hal.

75 1697 153 1738 H.48:
171 1690 283 1750 παρθένος
303 1688 333 1740 τίς
352 1687 407 1746 ἱερὸν
420 1685 487 1747 ’ἦλθεν
499 1686 608 1732 Ἐνυαλίου
621 1686 758 1747 χορεύσουσα.
780 1692 819 1732 Lo-

75 1767 131 1806 beck.
142 1765 241 1817 Aglaoph.
256 1777 275 1816 p.
287 1765 348 1802 1096.
359 1763 417 1812 not),
429 1760 506 1800 Statius
516 1763 583 1813 (quem
593 1762 729 1812 neglexerunt
739 1761 819 1801 Ouden-

77 1836 159 1889 dorpius
173 1832 234 1887 Apul.
248 1833 261 1872 l.
272 1832 290 1870 d.
305 1834 326 1870 et
340 1830 444 1871 lacobsius
458 1830 550 1870 Philostr.
565 1829 609 1870 lun.
619 1829 656 1869 lm.
666 1829 693 1869 X.
707 1844 726 1883 p.
738 1833 779 1870 647
791 1844 819 1883 sq.

76 1906 116 1959 ipsi
134 1903 242 1943 Merrickio
265 1902 287 1940 in
305 1900 413 1953 Tryphiod.
430 1902 479 1939 354.
500 1914 518 1952 p.
536 1902 577 1940 315
599 1914 627 1952 sq.
644 1900 818 1951 consideratiores)

78 1974 197 2028 Scyreidum
212 1972 324 2025 puellarum
337 1969 466 2022 pyrrhicham
475 1968 507 2007 his
517 1968 635 2021 complexus
645 1967 717 2008 Achil.
728 1968 755 2008 Π.
767 1971 818 2010 156;

77 2043 270 2096 „Multiplicantque
287 2039 383 2091 gradum,
403 2038 462 2077 modo
478 2050 517 2088 quo
534 2036 619 2078 Curetes
634 2038 655 2077 in
670 2040 717 2078 actu
732 2038 818 2091 Quoque

76 2115 105 2168 pii
124 2111 265 2152 Samothraces
288 2109 347 2147 eunt:
367 2120 421 2146 nunc
446 2106 505 2146 obuia
523 2119 596 2146 versae
613 2106 723 2146 Pectine
744 2109 817 2146 Ama-

76 2183 160 2233 aonio,
174 2181 233 2220 modo
248 2192 286 2232 quo
302 2178 350 2218 citat
366 2178 426 2216 orbe
441 2175 544 2216 Lacaenas
560 2175 637 2215 Delia.“
661 2175 692 2215 De
702 2176 740 2216 hoc
749 2176 817 2216 autem

76 2251 188 2293 saltationis
203 2261 287 2301 genere,
302 2246 355 2298 quod
372 2244 529 2296 significavimus
545 2258 607 2297 supra
617 2248 640 2294 2y
655 2245 762 2285 memoriae
772 2258 817 2297 pro-

76 2323 151 2361 didisse
166 2333 223 2368 eum‚
238 2330 297 2369 quem
308 2315 406 2365 sequutus
417 2317 448 2353 est
457 2313 585 2366 Propertius,
600 2313 761 2354 Alexandrinum
770 2327 817 2366 poe-

75 2393 127 2441 tam,
141 2391 184 2429 sive
201 2385 334 2428 Callimachus
349 2384 366 2423 is
379 2383 417 2422 init
429 2383 472 2422 sive
485 2382 587 2435 Euphorio
603 2396 639 2422 seu
653 2382 756 2434 Rhianus,
775 2396 816 2423 uon

76 2460 135 2499 dubio
150 2458 222 2498 indicio
237 2454 358 2506 intelligitur
373 2451 479 2492 Simonidis
495 2450 617 2504 Genealogi,
639 2452 663 2491 de
679 2465 717 2505 quo
729 2452 750 2491 in
764 2450 816 2505 Ety-

75 2529 173 2579 mologico
188 2526 263 2577 Magno
278 2538 297 2577 p.
308 2525 361 2572 479,
376 2523 404 2561 48
422 2521 472 2562 haec
486 2521 592 2573 leguntur:
612 2517 666 2576 φησί
680 2517 704 2562 δὲ
719 2514 730 2561 δ
745 2533 815 2574 γενεα-

73 2595 136 2653 λόγος
151 2589 271 2649 Σιμωνίδης
286 2585 392 2633 Ἰτώνου
405 2586 526 2644 θυγατέρας
539 2585 642 2645 γενέσθαι
653 2583 700 2641 δίο,
718 2583 815 2644 Ἀθηνᾶν

74 2665 110 2708 καί
129 2660 260 2717 Ἰοδάμαν,
280 2653 306 2711 dg
326 2653 454 2716 έζηλαικυίας
473 2656 511 2716 τὴν
526 2653 712 2714 δπλομαχικίην
725 2653 757 2706 είς
771 2652 815 2711 ἔριν

74 2734 111 2796 την
129 2730 160 2785 τίς
175 2728 277 2789 ιλλληλους
290 2729 386 2785 χωρῆσαι
399 2724 436 2769 καί
450 2720 589 2784 ἀναιρεθῆναι
604 2723 641 2782 τὴν
656 2719 754 2779 Ἰοδάμαν
769 2720 813 2767 'tad
