<?xml version="1.0" encoding="UTF-8"?>
<!DOCTYPE html PUBLIC "-//W3C//DTD XHTML 1.0 Transitional//EN"
    "http://www.w3.org/TR/xhtml1/DTD/xhtml1-transitional.dtd">
<html xmlns="http://www.w3.org/1999/xhtml" xml:lang="en" lang="en">
 <head>
  <title>
</title>
<meta http-equiv="Content-Type" content="text/html;charset=utf-8" />
  <meta name='ocr-system' content='tesseract 3.04.00' />
  <meta name='ocr-capabilities' content='ocr_page ocr_carea ocr_par ocr_line ocrx_word'/>
</head>
<body>
  <div class='ocr_page' id='page_1' title='image "MN40028ucmf_5_0058.png"; bbox 0 0 1780 2885; ppageno 0'>
   <div class='ocr_carea' id='block_1_1' title="bbox 76 61 499 110">
    <p class='ocr_par' dir='ltr' id='par_1_1' title="bbox 76 61 499 110">
     <span class='ocr_line' id='line_1_1' title="bbox 76 61 499 110; baseline 0.009 -12"><span class='ocrx_word' id='word_1_1' title='bbox 76 61 103 99; x_wconf 83' lang='lat'>38</span> <span class='ocrx_word' id='word_1_2' title='bbox 408 68 463 110; x_wconf 77' lang='lat' dir='ltr'>Caput</span> <span class='ocrx_word' id='word_1_3' title='bbox 474 68 499 102; x_wconf 88' lang='lat'>11.</span> 
     </span>
    </p>
   </div>
   <div class='ocr_carea' id='block_1_2' title="bbox 50 171 828 2630">
    <p class='ocr_par' dir='ltr' id='par_1_2' title="bbox 76 171 821 499">
     <span class='ocr_line' id='line_1_2' title="bbox 76 171 820 228; baseline 0 -15"><span class='ocrx_word' id='word_1_4' title='bbox 76 175 143 222; x_wconf 86' lang='lat' dir='ltr'>terra,</span> <span class='ocrx_word' id='word_1_5' title='bbox 164 184 223 225; x_wconf 85' lang='lat' dir='ltr'>quarn</span> <span class='ocrx_word' id='word_1_6' title='bbox 241 171 386 211; x_wconf 86' lang='lat' dir='ltr'>aetheriam</span> <span class='ocrx_word' id='word_1_7' title='bbox 403 175 500 213; x_wconf 88' lang='lat' dir='ltr'>terram</span> <span class='ocrx_word' id='word_1_8' title='bbox 520 185 533 211; x_wconf 88' lang='lat' dir='ltr'>a</span> <span class='ocrx_word' id='word_1_9' title='bbox 551 173 641 225; x_wconf 76' lang='lat' dir='ltr'>physicis</span> <span class='ocrx_word' id='word_1_10' title='bbox 656 173 744 228; x_wconf 79' lang='lat' dir='ltr'>diximus</span> <span class='ocrx_word' id='word_1_11' title='bbox 758 175 820 213; x_wconf 89' lang='lat' dir='ltr'>nomi-</span> 
     </span>
     <span class='ocr_line' id='line_1_3' title="bbox 76 240 821 293; baseline -0.001 -12"><span class='ocrx_word' id='word_1_12' title='bbox 76 243 162 282; x_wconf 51' lang='lat' dir='ltr'>narona</span> <span class='ocrx_word' id='word_1_13' title='bbox 182 243 203 280; x_wconf 90' lang='lat' dir='ltr'>et</span> <span class='ocrx_word' id='word_1_14' title='bbox 221 252 272 293; x_wconf 90' lang='lat' dir='ltr'>quae</span> <span class='ocrx_word' id='word_1_15' title='bbox 292 242 418 293; x_wconf 82' lang='lat' dir='ltr'>exprompsit</span> <span class='ocrx_word' id='word_1_16' title='bbox 430 241 544 281; x_wconf 85' lang='lat' dir='ltr'>Lobeckius</span> <span class='ocrx_word' id='word_1_17' title='bbox 559 240 659 293; x_wconf 78' lang='lat' dir='ltr'>Aglaoph.</span> <span class='ocrx_word' id='word_1_18' title='bbox 678 255 696 293; x_wconf 87' lang='lat' dir='ltr'>p.</span> <span class='ocrx_word' id='word_1_19' title='bbox 708 243 755 281; x_wconf 85' lang='lat'>500.</span> <span class='ocrx_word' id='word_1_20' title='bbox 771 244 821 282; x_wconf 83' lang='lat' dir='ltr'>conf.</span> 
     </span>
     <span class='ocr_line' id='line_1_4' title="bbox 77 301 821 365; baseline -0.003 -15"><span class='ocrx_word' id='word_1_21' title='bbox 77 309 142 350; x_wconf 78' lang='lat' dir='ltr'>Schol.</span> <span class='ocrx_word' id='word_1_22' title='bbox 152 308 245 362; x_wconf 83' lang='lat' dir='ltr'>Apollcn.</span> <span class='ocrx_word' id='word_1_23' title='bbox 256 308 320 349; x_wconf 85' lang='lat' dir='ltr'>Rhod.</span> <span class='ocrx_word' id='word_1_24' title='bbox 330 309 346 348; x_wconf 82' lang='grc' dir='ltr'>Ι.</span> <span class='ocrx_word' id='word_1_25' title='bbox 357 311 405 350; x_wconf 84' lang='grc'><strong>438.</strong></span> <span class='ocrx_word' id='word_1_26' title='bbox 419 324 438 363; x_wconf 88' lang='lat' dir='ltr'>p.</span> <span class='ocrx_word' id='word_1_27' title='bbox 449 312 487 349; x_wconf 79' lang='lat'>40:</span> <span class='ocrx_word' id='word_1_28' title='bbox 502 305 540 364; x_wconf 72' lang='grc' dir='ltr'>τὴν</span> <span class='ocrx_word' id='word_1_29' title='bbox 550 305 573 350; x_wconf 74' lang='grc' dir='ltr'>δὲ</span> <span class='ocrx_word' id='word_1_30' title='bbox 584 307 669 364; x_wconf 75' lang='grc' dir='ltr'><em>σελήνην</em></span> <span class='ocrx_word' id='word_1_31' title='bbox 676 301 821 365; x_wconf 77' lang='grc' dir='ltr'><em>Ἀναξαγόρας</em></span> 
     </span>
     <span class='ocr_line' id='line_1_5' title="bbox 78 372 821 433; baseline -0.001 -15"><span class='ocrx_word' id='word_1_32' title='bbox 78 376 216 418; x_wconf 80' lang='grc' dir='ltr'><em>πλατεῖαν</em></span> <span class='ocrx_word' id='word_1_33' title='bbox 237 373 324 430; x_wconf 77' lang='grc' dir='ltr'><em>χώραν</em></span> <span class='ocrx_word' id='word_1_34' title='bbox 348 372 395 433; x_wconf 74' lang='grc' dir='ltr'>ἔφη.</span> <span class='ocrx_word' id='word_1_35' title='bbox 430 378 483 418; x_wconf 81' lang='lat' dir='ltr'>Add.</span> <span class='ocrx_word' id='word_1_36' title='bbox 503 378 608 419; x_wconf 82' lang='lat' dir='ltr'>Villoison.</span> <span class='ocrx_word' id='word_1_37' title='bbox 630 378 655 417; x_wconf 91' lang='lat' dir='ltr'>de</span> <span class='ocrx_word' id='word_1_38' title='bbox 674 378 742 418; x_wconf 77' lang='lat' dir='ltr'>Theoi.</span> <span class='ocrx_word' id='word_1_39' title='bbox 760 377 821 431; x_wconf 83' lang='lat' dir='ltr'>Phys.</span> 
     </span>
     <span class='ocr_line' id='line_1_6' title="bbox 79 445 356 499; baseline -0.007 -12"><span class='ocrx_word' id='word_1_40' title='bbox 79 446 139 487; x_wconf 82' lang='lat' dir='ltr'>Stoio.</span> <span class='ocrx_word' id='word_1_41' title='bbox 154 460 173 499; x_wconf 89' lang='lat' dir='ltr'>p.</span> <span class='ocrx_word' id='word_1_42' title='bbox 184 447 225 486; x_wconf 78' lang='lat'>525</span> <span class='ocrx_word' id='word_1_43' title='bbox 238 460 266 499; x_wconf 86' lang='lat' dir='ltr'>sq.</span> <span class='ocrx_word' id='word_1_44' title='bbox 282 445 356 486; x_wconf 80' lang='lat' dir='ltr'>Osann.</span> 
     </span>
    </p>

    <p class='ocr_par' dir='ltr' id='par_1_3' title="bbox 79 515 827 2078">
     <span class='ocr_line' id='line_1_7' title="bbox 147 515 822 569; baseline -0.001 -14"><span class='ocrx_word' id='word_1_45' title='bbox 147 516 173 556; x_wconf 84' lang='lat' dir='ltr'>ln</span> <span class='ocrx_word' id='word_1_46' title='bbox 195 515 288 567; x_wconf 80' lang='lat' dir='ltr'>proxima</span> <span class='ocrx_word' id='word_1_47' title='bbox 312 516 380 554; x_wconf 84' lang='lat' dir='ltr'>autern</span> <span class='ocrx_word' id='word_1_48' title='bbox 402 518 461 569; x_wconf 86' lang='lat' dir='ltr'>parte</span> <span class='ocrx_word' id='word_1_49' title='bbox 486 517 535 556; x_wconf 85' lang='lat' dir='ltr'>haec</span> <span class='ocrx_word' id='word_1_50' title='bbox 553 517 625 556; x_wconf 89' lang='lat' dir='ltr'>teuent</span> <span class='ocrx_word' id='word_1_51' title='bbox 642 515 688 568; x_wconf 87' lang='lat' dir='ltr'>lup:</span> <span class='ocrx_word' id='word_1_52' title='bbox 713 527 822 568; x_wconf 84' lang='lat' dir='ltr'>corpora</span> 
     </span>
     <span class='ocr_line' id='line_1_8' title="bbox 80 583 822 637; baseline 0.001 -14"><span class='ocrx_word' id='word_1_53' title='bbox 80 583 175 636; x_wconf 85' lang='lat' dir='ltr'>giguit.</span> <span class='ocrx_word' id='word_1_54' title='bbox 195 583 225 622; x_wconf 88' lang='lat' dir='ltr'>B:</span> <span class='ocrx_word' id='word_1_55' title='bbox 240 596 335 635; x_wconf 84' lang='lat' dir='ltr'>corpora</span> <span class='ocrx_word' id='word_1_56' title='bbox 349 597 392 624; x_wconf 87' lang='lat' dir='ltr'>ora</span> <span class='ocrx_word' id='word_1_57' title='bbox 407 583 559 636; x_wconf 80' lang='lat' dir='ltr'>gignunt,A:</span> <span class='ocrx_word' id='word_1_58' title='bbox 575 596 658 636; x_wconf 83' lang='lat' dir='ltr'>corpora</span> <span class='ocrx_word' id='word_1_59' title='bbox 668 585 765 637; x_wconf 82' lang='lat' dir='ltr'>majora</span> <span class='ocrx_word' id='word_1_60' title='bbox 777 584 822 635; x_wconf 85' lang='lat' dir='ltr'>gig-</span> 
     </span>
     <span class='ocr_line' id='line_1_9' title="bbox 80 651 821 704; baseline -0.001 -13"><span class='ocrx_word' id='word_1_61' title='bbox 80 653 151 692; x_wconf 88' lang='lat' dir='ltr'>nunt.</span> <span class='ocrx_word' id='word_1_62' title='bbox 187 651 247 697; x_wconf 76' lang='lat' dir='ltr'>Quod</span> <span class='ocrx_word' id='word_1_63' title='bbox 266 653 428 704; x_wconf 88' lang='lat' dir='ltr'>supplementum</span> <span class='ocrx_word' id='word_1_64' title='bbox 447 652 553 692; x_wconf 88' lang='lat' dir='ltr'>Lactantio</span> <span class='ocrx_word' id='word_1_65' title='bbox 573 653 682 704; x_wconf 86' lang='lat' dir='ltr'>scripserat</span> <span class='ocrx_word' id='word_1_66' title='bbox 701 666 737 693; x_wconf 90' lang='lat' dir='ltr'>suo</span> <span class='ocrx_word' id='word_1_67' title='bbox 757 652 821 691; x_wconf 85' lang='lat' dir='ltr'>fretus</span> 
     </span>
     <span class='ocr_line' id='line_1_10' title="bbox 79 720 822 774; baseline -0.001 -13"><span class='ocrx_word' id='word_1_68' title='bbox 79 721 161 772; x_wconf 80' lang='lat' dir='ltr'>ingenio</span> <span class='ocrx_word' id='word_1_69' title='bbox 172 720 324 761; x_wconf 82' lang='lat' dir='ltr'>Wernsdcrfius</span> <span class='ocrx_word' id='word_1_70' title='bbox 334 720 389 761; x_wconf 89' lang='lat' dir='ltr'>Poet.</span> <span class='ocrx_word' id='word_1_71' title='bbox 403 721 448 761; x_wconf 81' lang='lat' dir='ltr'>Lat.</span> <span class='ocrx_word' id='word_1_72' title='bbox 462 721 511 761; x_wconf 82' lang='lat' dir='ltr'>Min.</span> <span class='ocrx_word' id='word_1_73' title='bbox 521 720 538 760; x_wconf 89' lang='grc' dir='ltr'>Ι.</span> <span class='ocrx_word' id='word_1_74' title='bbox 553 735 572 774; x_wconf 91' lang='lat' dir='ltr'>p.</span> <span class='ocrx_word' id='word_1_75' title='bbox 583 723 625 760; x_wconf 76' lang='lat'>276</span> <span class='ocrx_word' id='word_1_76' title='bbox 640 735 678 774; x_wconf 69' lang='lat' dir='ltr'>su:</span> <span class='ocrx_word' id='word_1_77' title='bbox 697 722 822 772; x_wconf 81' lang='lat' dir='ltr'>„legendum</span> 
     </span>
     <span class='ocr_line' id='line_1_11' title="bbox 80 789 823 842; baseline 0 -13"><span class='ocrx_word' id='word_1_78' title='bbox 80 790 166 830; x_wconf 87' lang='lat' dir='ltr'>arbitror</span> <span class='ocrx_word' id='word_1_79' title='bbox 185 790 249 829; x_wconf 87' lang='lat' dir='ltr'>haec</span> <span class='ocrx_word' id='word_1_80' title='bbox 268 791 353 829; x_wconf 84' lang='lat' dir='ltr'>autem</span> <span class='ocrx_word' id='word_1_81' title='bbox 372 791 470 830; x_wconf 84' lang='lat' dir='ltr'>maiora</span> <span class='ocrx_word' id='word_1_82' title='bbox 489 802 573 842; x_wconf 89' lang='lat' dir='ltr'>corpora</span> <span class='ocrx_word' id='word_1_83' title='bbox 590 789 625 828; x_wconf 85' lang='lat' dir='ltr'>vel</span> <span class='ocrx_word' id='word_1_84' title='bbox 643 790 724 829; x_wconf 86' lang='lat' dir='ltr'>omnia</span> <span class='ocrx_word' id='word_1_85' title='bbox 739 802 823 842; x_wconf 88' lang='lat' dir='ltr'>corpora</span> 
     </span>
     <span class='ocr_line' id='line_1_12' title="bbox 80 857 822 910; baseline 0.001 -13"><span class='ocrx_word' id='word_1_86' title='bbox 80 858 181 897; x_wconf 86' lang='lat' dir='ltr'>maiora</span> <span class='ocrx_word' id='word_1_87' title='bbox 200 857 288 909; x_wconf 80' lang='lat' dir='ltr'>gignit</span> <span class='ocrx_word' id='word_1_88' title='bbox 306 858 367 910; x_wconf 87' lang='lat' dir='ltr'>idque</span> <span class='ocrx_word' id='word_1_89' title='bbox 387 859 411 897; x_wconf 91' lang='lat' dir='ltr'>ob</span> <span class='ocrx_word' id='word_1_90' title='bbox 426 858 507 897; x_wconf 86' lang='lat' dir='ltr'>allatam</span> <span class='ocrx_word' id='word_1_91' title='bbox 522 858 629 897; x_wconf 84' lang='lat' dir='ltr'>rationem:</span> <span class='ocrx_word' id='word_1_92' title='bbox 650 860 742 910; x_wconf 89' lang='lat' dir='ltr'>utpote</span> <span class='ocrx_word' id='word_1_93' title='bbox 757 870 822 910; x_wconf 84' lang='lat' dir='ltr'>quae</span> 
     </span>
     <span class='ocr_line' id='line_1_13' title="bbox 81 925 823 978; baseline -0.003 -12"><span class='ocrx_word' id='word_1_94' title='bbox 81 925 168 966; x_wconf 80' lang='lat' dir='ltr'>vicina</span> <span class='ocrx_word' id='word_1_95' title='bbox 188 926 225 965; x_wconf 86' lang='lat' dir='ltr'>sit</span> <span class='ocrx_word' id='word_1_96' title='bbox 243 926 314 966; x_wconf 90' lang='lat' dir='ltr'>coelo</span> <span class='ocrx_word' id='word_1_97' title='bbox 335 927 395 977; x_wconf 86' lang='lat' dir='ltr'>atque</span> <span class='ocrx_word' id='word_1_98' title='bbox 416 938 443 964; x_wconf 80' lang='lat' dir='ltr'>ex</span> <span class='ocrx_word' id='word_1_99' title='bbox 457 926 619 978; x_wconf 88' lang='lat' dir='ltr'>philosophorum</span> <span class='ocrx_word' id='word_1_100' title='bbox 633 926 744 974; x_wconf 76' lang='lat' dir='ltr'>sententia,</span> <span class='ocrx_word' id='word_1_101' title='bbox 763 937 823 977; x_wconf 84' lang='lat' dir='ltr'>quam</span> 
     </span>
     <span class='ocr_line' id='line_1_14' title="bbox 80 993 824 1048; baseline -0.001 -14"><span class='ocrx_word' id='word_1_102' title='bbox 80 995 125 1048; x_wconf 87' lang='lat' dir='ltr'>ipse</span> <span class='ocrx_word' id='word_1_103' title='bbox 142 996 241 1035; x_wconf 87' lang='lat' dir='ltr'>memorat</span> <span class='ocrx_word' id='word_1_104' title='bbox 258 994 388 1046; x_wconf 84' lang='lat' dir='ltr'>Lactantius,</span> <span class='ocrx_word' id='word_1_105' title='bbox 405 996 429 1034; x_wconf 89' lang='lat' dir='ltr'>et</span> <span class='ocrx_word' id='word_1_106' title='bbox 446 994 566 1035; x_wconf 68' lang='lat' dir='ltr'>Plutarchus</span> <span class='ocrx_word' id='word_1_107' title='bbox 587 993 780 1034; x_wconf 72' lang='lat' dir='ltr'>derisorium.</span> <span class='ocrx_word' id='word_1_108' title='bbox 797 995 824 1034; x_wconf 87' lang='grc'>30</span> 
     </span>
     <span class='ocr_line' id='line_1_15' title="bbox 83 1062 825 1115; baseline -0.001 -13"><span class='ocrx_word' id='word_1_109' title='bbox 83 1063 169 1115; x_wconf 86' lang='lat' dir='ltr'>amplius</span> <span class='ocrx_word' id='word_1_110' title='bbox 188 1063 278 1103; x_wconf 80' lang='lat' dir='ltr'>declarat</span> <span class='ocrx_word' id='word_1_111' title='bbox 300 1064 393 1103; x_wconf 89' lang='lat' dir='ltr'>animalia</span> <span class='ocrx_word' id='word_1_112' title='bbox 414 1063 529 1114; x_wconf 84' lang='lat' dir='ltr'>quindecies</span> <span class='ocrx_word' id='word_1_113' title='bbox 547 1063 623 1102; x_wconf 88' lang='lat' dir='ltr'>maiora</span> <span class='ocrx_word' id='word_1_114' title='bbox 643 1064 664 1101; x_wconf 91' lang='lat' dir='ltr'>et</span> <span class='ocrx_word' id='word_1_115' title='bbox 678 1062 825 1114; x_wconf 77' lang='lat' dir='ltr'>praestantiora</span> 
     </span>
     <span class='ocr_line' id='line_1_16' title="bbox 81 1128 824 1186; baseline -0.001 -16"><span class='ocrx_word' id='word_1_116' title='bbox 81 1131 156 1170; x_wconf 83' lang='lat' dir='ltr'>nostris</span> <span class='ocrx_word' id='word_1_117' title='bbox 174 1132 195 1170; x_wconf 89' lang='lat' dir='ltr'>in</span> <span class='ocrx_word' id='word_1_118' title='bbox 215 1132 263 1171; x_wconf 89' lang='lat' dir='ltr'>luna</span> <span class='ocrx_word' id='word_1_119' title='bbox 283 1132 354 1171; x_wconf 88' lang='lat' dir='ltr'>nasci“</span> <span class='ocrx_word' id='word_1_120' title='bbox 374 1131 424 1171; x_wconf 83' lang='lat' dir='ltr'>conf.</span> <span class='ocrx_word' id='word_1_121' title='bbox 443 1130 521 1172; x_wconf 77' lang='lat' dir='ltr'>Claver.</span> <span class='ocrx_word' id='word_1_122' title='bbox 540 1131 563 1170; x_wconf 87' lang='lat' dir='ltr'>iu</span> <span class='ocrx_word' id='word_1_123' title='bbox 581 1129 683 1171; x_wconf 78' lang='lat' dir='ltr'>Claudian.</span> <span class='ocrx_word' id='word_1_124' title='bbox 701 1129 753 1186; x_wconf 51' lang='lat' dir='ltr'>Sec¹¹</span> <span class='ocrx_word' id='word_1_125' title='bbox 765 1128 824 1169; x_wconf 74' lang='lat' dir='ltr'>(lons.</span> 
     </span>
     <span class='ocr_line' id='line_1_17' title="bbox 82 1193 825 1256; baseline -0.001 -16"><span class='ocrx_word' id='word_1_126' title='bbox 82 1199 158 1240; x_wconf 77' lang='lat' dir='ltr'>Stilich.</span> <span class='ocrx_word' id='word_1_127' title='bbox 169 1202 217 1240; x_wconf 78' lang='lat'>288.</span> <span class='ocrx_word' id='word_1_128' title='bbox 233 1214 252 1253; x_wconf 92' lang='lat' dir='ltr'>p.</span> <span class='ocrx_word' id='word_1_129' title='bbox 263 1203 311 1240; x_wconf 79' lang='lat'>428.</span> <span class='ocrx_word' id='word_1_130' title='bbox 341 1200 457 1256; x_wconf 81' lang='lat' dir='ltr'>Eorundem</span> <span class='ocrx_word' id='word_1_131' title='bbox 473 1200 562 1240; x_wconf 86' lang='lat' dir='ltr'>codicum</span> <span class='ocrx_word' id='word_1_132' title='bbox 575 1199 689 1240; x_wconf 76' lang='lat' dir='ltr'>auctoritati</span> <span class='ocrx_word' id='word_1_133' title='bbox 702 1193 788 1249; x_wconf 80' lang='lat' dir='ltr'>hoedo,</span> <span class='ocrx_word' id='word_1_134' title='bbox 801 1201 825 1239; x_wconf 87' lang='lat' dir='ltr'>ut</span> 
     </span>
     <span class='ocr_line' id='line_1_18' title="bbox 83 1268 825 1321; baseline 0 -15"><span class='ocrx_word' id='word_1_135' title='bbox 83 1270 151 1321; x_wconf 88' lang='lat' dir='ltr'>spreto</span> <span class='ocrx_word' id='word_1_136' title='bbox 165 1269 199 1308; x_wconf 85' lang='lat' dir='ltr'>illo</span> <span class='ocrx_word' id='word_1_137' title='bbox 214 1269 299 1320; x_wconf 87' lang='lat' dir='ltr'>gignit</span> <span class='ocrx_word' id='word_1_138' title='bbox 309 1269 434 1308; x_wconf 88' lang='lat' dir='ltr'>restituenda</span> <span class='ocrx_word' id='word_1_139' title='bbox 445 1269 530 1308; x_wconf 90' lang='lat' dir='ltr'>arbitrer</span> <span class='ocrx_word' id='word_1_140' title='bbox 539 1269 598 1307; x_wconf 87' lang='lat' dir='ltr'>hacc:</span> <span class='ocrx_word' id='word_1_141' title='bbox 614 1269 671 1317; x_wconf 87' lang='lat' dir='ltr'>„hic</span> <span class='ocrx_word' id='word_1_142' title='bbox 682 1269 749 1306; x_wconf 84' lang='lat' dir='ltr'>autern</span> <span class='ocrx_word' id='word_1_143' title='bbox 760 1268 825 1306; x_wconf 84' lang='lat' dir='ltr'>omnia</span> 
     </span>
     <span class='ocr_line' id='line_1_19' title="bbox 83 1334 825 1389; baseline -0.001 -14"><span class='ocrx_word' id='word_1_144' title='bbox 83 1349 167 1389; x_wconf 85' lang='lat' dir='ltr'>corpora</span> <span class='ocrx_word' id='word_1_145' title='bbox 176 1337 251 1377; x_wconf 87' lang='lat' dir='ltr'>maiora</span> <span class='ocrx_word' id='word_1_146' title='bbox 259 1337 397 1388; x_wconf 86' lang='lat' dir='ltr'>gignuntur</span> <span class='ocrx_word' id='word_1_147' title='bbox 401 1339 422 1386; x_wconf 79' lang='lat'>;“</span> <span class='ocrx_word' id='word_1_148' title='bbox 432 1350 479 1376; x_wconf 88' lang='lat' dir='ltr'>uam</span> <span class='ocrx_word' id='word_1_149' title='bbox 488 1349 526 1376; x_wconf 88' lang='lat' dir='ltr'>neo</span> <span class='ocrx_word' id='word_1_150' title='bbox 535 1349 596 1377; x_wconf 82' lang='lat' dir='ltr'>uoces</span> <span class='ocrx_word' id='word_1_151' title='bbox 606 1337 681 1375; x_wconf 88' lang='lat' dir='ltr'>haec:</span> <span class='ocrx_word' id='word_1_152' title='bbox 695 1336 742 1374; x_wconf 83' lang='lat' dir='ltr'>hac</span> <span class='ocrx_word' id='word_1_153' title='bbox 751 1334 825 1386; x_wconf 76' lang='lat' dir='ltr'>(Schol.</span> 
     </span>
     <span class='ocr_line' id='line_1_20' title="bbox 83 1405 825 1458; baseline -0.003 -14"><span class='ocrx_word' id='word_1_154' title='bbox 83 1405 158 1445; x_wconf 86' lang='lat' dir='ltr'>Lucan.</span> <span class='ocrx_word' id='word_1_155' title='bbox 169 1405 207 1445; x_wconf 83' lang='lat' dir='ltr'>IX.</span> <span class='ocrx_word' id='word_1_156' title='bbox 219 1407 266 1445; x_wconf 83' lang='lat'>538.</span> <span class='ocrx_word' id='word_1_157' title='bbox 281 1420 300 1457; x_wconf 93' lang='lat' dir='ltr'>p.</span> <span class='ocrx_word' id='word_1_158' title='bbox 316 1409 367 1446; x_wconf 75' lang='lat'>734:</span> <span class='ocrx_word' id='word_1_159' title='bbox 383 1419 479 1455; x_wconf 87' lang='lat' dir='ltr'>„summa</span> <span class='ocrx_word' id='word_1_160' title='bbox 494 1406 633 1458; x_wconf 85' lang='lat' dir='ltr'>descriptionis</span> <span class='ocrx_word' id='word_1_161' title='bbox 648 1406 709 1443; x_wconf 89' lang='lat' dir='ltr'>haec</span> <span class='ocrx_word' id='word_1_162' title='bbox 726 1406 825 1456; x_wconf 82' lang='lat' dir='ltr'>spectat.“</span> 
     </span>
     <span class='ocr_line' id='line_1_21' title="bbox 82 1471 825 1525; baseline 0.001 -14"><span class='ocrx_word' id='word_1_163' title='bbox 82 1471 169 1513; x_wconf 83' lang='lat' dir='ltr'>Helmst.</span> <span class='ocrx_word' id='word_1_164' title='bbox 180 1473 232 1513; x_wconf 83' lang='lat' dir='ltr'>hae¹</span> <span class='ocrx_word' id='word_1_165' title='bbox 241 1474 277 1513; x_wconf 81' lang='lat' dir='ltr'>Ld.</span> <span class='ocrx_word' id='word_1_166' title='bbox 288 1474 348 1522; x_wconf 86' lang='lat' dir='ltr'>huc)</span> <span class='ocrx_word' id='word_1_167' title='bbox 356 1475 390 1513; x_wconf 79' lang='lat' dir='ltr'>uel</span> <span class='ocrx_word' id='word_1_168' title='bbox 399 1474 440 1514; x_wconf 92' lang='lat' dir='ltr'>hic</span> <span class='ocrx_word' id='word_1_169' title='bbox 449 1474 532 1525; x_wconf 73' lang='lat' dir='ltr'>(Duker.</span> <span class='ocrx_word' id='word_1_170' title='bbox 541 1474 563 1512; x_wconf 91' lang='lat' dir='ltr'>in</span> <span class='ocrx_word' id='word_1_171' title='bbox 570 1472 623 1512; x_wconf 77' lang='lat' dir='ltr'>Flor.</span> <span class='ocrx_word' id='word_1_172' title='bbox 633 1473 723 1512; x_wconf 83' lang='lat' dir='ltr'>Prooeru¹</span> <span class='ocrx_word' id='word_1_173' title='bbox 735 1475 752 1512; x_wconf 79' lang='lat'>7.</span> <span class='ocrx_word' id='word_1_174' title='bbox 762 1486 781 1524; x_wconf 90' lang='lat' dir='ltr'>p.</span> <span class='ocrx_word' id='word_1_175' title='bbox 789 1473 825 1523; x_wconf 79' lang='lat'>10)</span> 
     </span>
     <span class='ocr_line' id='line_1_22' title="bbox 83 1541 824 1595; baseline 0.001 -14"><span class='ocrx_word' id='word_1_176' title='bbox 83 1543 119 1581; x_wconf 87' lang='lat' dir='ltr'>aut</span> <span class='ocrx_word' id='word_1_177' title='bbox 129 1542 240 1594; x_wconf 87' lang='lat' dir='ltr'>gignunt:</span> <span class='ocrx_word' id='word_1_178' title='bbox 255 1542 386 1595; x_wconf 85' lang='lat' dir='ltr'>gignuntur</span> <span class='ocrx_word' id='word_1_179' title='bbox 396 1544 426 1594; x_wconf 85' lang='lat' dir='ltr'>(ut</span> <span class='ocrx_word' id='word_1_180' title='bbox 433 1542 459 1582; x_wconf 90' lang='lat' dir='ltr'>H.</span> <span class='ocrx_word' id='word_1_181' title='bbox 468 1546 509 1583; x_wconf 83' lang='grc'>667</span> <span class='ocrx_word' id='word_1_182' title='bbox 525 1542 556 1582; x_wconf 87' lang='lat' dir='ltr'>ln:</span> <span class='ocrx_word' id='word_1_183' title='bbox 567 1542 654 1582; x_wconf 90' lang='lat' dir='ltr'>dicunt.</span> <span class='ocrx_word' id='word_1_184' title='bbox 663 1541 700 1582; x_wconf 81' lang='lat' dir='ltr'>AB</span> <span class='ocrx_word' id='word_1_185' title='bbox 711 1542 824 1582; x_wconf 86' lang='lat' dir='ltr'>dicuutur.</span> 
     </span>
     <span class='ocr_line' id='line_1_23' title="bbox 83 1610 824 1665; baseline 0.003 -14"><span class='ocrx_word' id='word_1_186' title='bbox 83 1610 143 1662; x_wconf 85' lang='lat' dir='ltr'>Valg.</span> <span class='ocrx_word' id='word_1_187' title='bbox 153 1626 172 1665; x_wconf 79' lang='lat' dir='ltr'>p,</span> <span class='ocrx_word' id='word_1_188' title='bbox 183 1614 223 1652; x_wconf 80' lang='lat'>509</span> <span class='ocrx_word' id='word_1_189' title='bbox 231 1613 252 1663; x_wconf 82' lang='lat' dir='ltr'>b)</span> <span class='ocrx_word' id='word_1_190' title='bbox 262 1615 377 1665; x_wconf 83' lang='lat' dir='ltr'>permutare</span> <span class='ocrx_word' id='word_1_191' title='bbox 387 1612 469 1652; x_wconf 86' lang='lat' dir='ltr'>dubium</span> <span class='ocrx_word' id='word_1_192' title='bbox 479 1614 516 1661; x_wconf 79' lang='lat' dir='ltr'>est,</span> <span class='ocrx_word' id='word_1_193' title='bbox 528 1612 578 1651; x_wconf 90' lang='lat' dir='ltr'>etin</span> <span class='ocrx_word' id='word_1_194' title='bbox 588 1611 659 1651; x_wconf 88' lang='lat' dir='ltr'>iisdem</span> <span class='ocrx_word' id='word_1_195' title='bbox 670 1612 770 1652; x_wconf 86' lang='lat' dir='ltr'>codicibus</span> <span class='ocrx_word' id='word_1_196' title='bbox 782 1614 824 1653; x_wconf 84' lang='lat' dir='ltr'>est:</span> 
     </span>
     <span class='ocr_line' id='line_1_24' title="bbox 83 1679 826 1735; baseline 0 -15"><span class='ocrx_word' id='word_1_197' title='bbox 83 1679 170 1720; x_wconf 80' lang='lat' dir='ltr'>uicina</span> <span class='ocrx_word' id='word_1_198' title='bbox 185 1684 245 1721; x_wconf 88' lang='lat' dir='ltr'>sunt</span> <span class='ocrx_word' id='word_1_199' title='bbox 260 1682 293 1732; x_wconf 66' lang='grc' dir='ltr'>(ξ)</span> <span class='ocrx_word' id='word_1_200' title='bbox 307 1682 387 1731; x_wconf 89' lang='lat' dir='ltr'>coelo,</span> <span class='ocrx_word' id='word_1_201' title='bbox 403 1695 464 1735; x_wconf 87' lang='lat' dir='ltr'>quum</span> <span class='ocrx_word' id='word_1_202' title='bbox 479 1682 543 1733; x_wconf 89' lang='lat' dir='ltr'>iulnp</span> <span class='ocrx_word' id='word_1_203' title='bbox 554 1681 589 1720; x_wconf 90' lang='lat' dir='ltr'>sit:</span> <span class='ocrx_word' id='word_1_204' title='bbox 603 1681 760 1721; x_wconf 80' lang='lat' dir='ltr'>uicinasitnec</span> <span class='ocrx_word' id='word_1_205' title='bbox 772 1680 826 1734; x_wconf 89' lang='lat' dir='ltr'>apud</span> 
     </span>
     <span class='ocr_line' id='line_1_25' title="bbox 84 1747 826 1803; baseline 0.003 -16"><span class='ocrx_word' id='word_1_206' title='bbox 84 1747 194 1801; x_wconf 85' lang='lat' dir='ltr'>Apuleium</span> <span class='ocrx_word' id='word_1_207' title='bbox 203 1750 228 1789; x_wconf 91' lang='lat' dir='ltr'>de</span> <span class='ocrx_word' id='word_1_208' title='bbox 236 1750 279 1790; x_wconf 87' lang='lat' dir='ltr'>Dec</span> <span class='ocrx_word' id='word_1_209' title='bbox 291 1750 344 1790; x_wconf 78' lang='lat' dir='ltr'>Scor.</span> <span class='ocrx_word' id='word_1_210' title='bbox 354 1764 372 1803; x_wconf 89' lang='lat' dir='ltr'>p.</span> <span class='ocrx_word' id='word_1_211' title='bbox 383 1753 433 1791; x_wconf 80' lang='lat'>138:</span> <span class='ocrx_word' id='word_1_212' title='bbox 454 1751 513 1802; x_wconf 82' lang='lat' dir='ltr'>„quin</span> <span class='ocrx_word' id='word_1_213' title='bbox 522 1750 543 1788; x_wconf 91' lang='lat' dir='ltr'>in</span> <span class='ocrx_word' id='word_1_214' title='bbox 552 1763 576 1789; x_wconf 91' lang='lat' dir='ltr'>eo</span> <span class='ocrx_word' id='word_1_215' title='bbox 586 1762 665 1801; x_wconf 85' lang='lat' dir='ltr'>quoque</span> <span class='ocrx_word' id='word_1_216' title='bbox 676 1762 723 1789; x_wconf 85' lang='lat' dir='ltr'>aere</span> <span class='ocrx_word' id='word_1_217' title='bbox 733 1750 826 1790; x_wconf 86' lang='lat' dir='ltr'>animalia</span> 
     </span>
     <span class='ocr_line' id='line_1_26' title="bbox 83 1816 826 1871; baseline 0.004 -15"><span class='ocrx_word' id='word_1_218' title='bbox 83 1816 254 1870; x_wconf 82' lang='lat' dir='ltr'>gignerentur“</span> <span class='ocrx_word' id='word_1_219' title='bbox 269 1819 374 1871; x_wconf 86' lang='lat' dir='ltr'>quisquam</span> <span class='ocrx_word' id='word_1_220' title='bbox 386 1832 420 1859; x_wconf 89' lang='lat' dir='ltr'>eos</span> <span class='ocrx_word' id='word_1_221' title='bbox 429 1819 491 1859; x_wconf 91' lang='lat' dir='ltr'>libros</span> <span class='ocrx_word' id='word_1_222' title='bbox 501 1820 599 1870; x_wconf 86' lang='lat' dir='ltr'>sequutus</span> <span class='ocrx_word' id='word_1_223' title='bbox 610 1820 648 1869; x_wconf 74' lang='lat' dir='ltr'>est,</span> <span class='ocrx_word' id='word_1_224' title='bbox 663 1819 697 1871; x_wconf 87' lang='lat' dir='ltr'>qui</span> <span class='ocrx_word' id='word_1_225' title='bbox 706 1821 776 1858; x_wconf 86' lang='lat' dir='ltr'>tenent</span> <span class='ocrx_word' id='word_1_226' title='bbox 787 1819 811 1871; x_wconf 82' lang='lat' dir='ltr'>gi</span> <span class='ocrx_word' id='word_1_227' title='bbox 818 1842 826 1848; x_wconf 96' lang='lat'>-</span> 
     </span>
     <span class='ocr_line' id='line_1_27' title="bbox 84 1887 825 1939; baseline 0.004 -15"><span class='ocrx_word' id='word_1_228' title='bbox 84 1893 185 1938; x_wconf 84' lang='lat' dir='ltr'>gneret.</span> <span class='ocrx_word' id='word_1_229' title='bbox 195 1888 341 1939; x_wconf 80' lang='lat' dir='ltr'>gignerent:</span> <span class='ocrx_word' id='word_1_230' title='bbox 355 1900 393 1928; x_wconf 88' lang='lat' dir='ltr'>nec</span> <span class='ocrx_word' id='word_1_231' title='bbox 402 1887 455 1927; x_wconf 86' lang='lat' dir='ltr'>enim</span> <span class='ocrx_word' id='word_1_232' title='bbox 464 1887 517 1939; x_wconf 90' lang='lat' dir='ltr'>quod</span> <span class='ocrx_word' id='word_1_233' title='bbox 527 1887 608 1939; x_wconf 87' lang='lat' dir='ltr'>quidam</span> <span class='ocrx_word' id='word_1_234' title='bbox 617 1888 689 1927; x_wconf 82' lang='lat' dir='ltr'>uolunt</span> <span class='ocrx_word' id='word_1_235' title='bbox 699 1900 711 1926; x_wconf 88' lang='lat' dir='ltr'>a</span> <span class='ocrx_word' id='word_1_236' title='bbox 721 1887 825 1928; x_wconf 82' lang='lat' dir='ltr'>Lactantio</span> 
     </span>
     <span class='ocr_line' id='line_1_28' title="bbox 84 1953 827 2010; baseline 0.005 -18"><span class='ocrx_word' id='word_1_237' title='bbox 84 1954 111 1993; x_wconf 87' lang='lat' dir='ltr'>de</span> <span class='ocrx_word' id='word_1_238' title='bbox 125 1953 159 1994; x_wconf 84' lang='lat' dir='ltr'>lra</span> <span class='ocrx_word' id='word_1_239' title='bbox 173 1955 212 1995; x_wconf 90' lang='lat' dir='ltr'>Dei</span> <span class='ocrx_word' id='word_1_240' title='bbox 228 1959 254 1996; x_wconf 84' lang='lat'>13</span> <span class='ocrx_word' id='word_1_241' title='bbox 270 1956 346 1996; x_wconf 87' lang='lat' dir='ltr'>dictum</span> <span class='ocrx_word' id='word_1_242' title='bbox 360 1969 415 1996; x_wconf 87' lang='lat' dir='ltr'>esse:</span> <span class='ocrx_word' id='word_1_243' title='bbox 431 1958 521 2010; x_wconf 79' lang='lat' dir='ltr'>„suopte</span> <span class='ocrx_word' id='word_1_244' title='bbox 534 1956 616 2008; x_wconf 89' lang='lat' dir='ltr'>ingenio</span> <span class='ocrx_word' id='word_1_245' title='bbox 630 1957 724 1996; x_wconf 86' lang='lat' dir='ltr'>alimenta</span> <span class='ocrx_word' id='word_1_246' title='bbox 738 1956 827 1996; x_wconf 85' lang='lat' dir='ltr'>mortali-</span> 
     </span>
     <span class='ocr_line' id='line_1_29' title="bbox 85 2024 826 2078; baseline 0.004 -16"><span class='ocrx_word' id='word_1_247' title='bbox 85 2024 123 2062; x_wconf 85' lang='lat' dir='ltr'>bus</span> <span class='ocrx_word' id='word_1_248' title='bbox 144 2025 170 2076; x_wconf 84' lang='lat' dir='ltr'>gi</span> <span class='ocrx_word' id='word_1_249' title='bbox 175 2027 277 2077; x_wconf 78' lang='lat' dir='ltr'>gnere⁴‘,</span> <span class='ocrx_word' id='word_1_250' title='bbox 292 2025 313 2064; x_wconf 90' lang='lat' dir='ltr'>id</span> <span class='ocrx_word' id='word_1_251' title='bbox 327 2025 384 2065; x_wconf 86' lang='lat' dir='ltr'>norit</span> <span class='ocrx_word' id='word_1_252' title='bbox 396 2025 552 2065; x_wconf 87' lang='lat' dir='ltr'>Buenemannus</span> <span class='ocrx_word' id='word_1_253' title='bbox 566 2025 638 2078; x_wconf 73' lang='lat' dir='ltr'>iuoap.</span> <span class='ocrx_word' id='word_1_254' title='bbox 647 2027 720 2075; x_wconf 58' lang='lat'>13710.</span> <span class='ocrx_word' id='word_1_255' title='bbox 735 2039 754 2078; x_wconf 91' lang='lat' dir='ltr'>p.</span> <span class='ocrx_word' id='word_1_256' title='bbox 764 2027 826 2066; x_wconf 75' lang='lat'>1060.</span> 
     </span>
    </p>

    <p class='ocr_par' dir='ltr' id='par_1_4' title="bbox 50 2093 828 2630">
     <span class='ocr_line' id='line_1_30' title="bbox 151 2093 827 2149; baseline 0.004 -17"><span class='ocrx_word' id='word_1_257' title='bbox 151 2093 196 2133; x_wconf 86' lang='lat' dir='ltr'>lam</span> <span class='ocrx_word' id='word_1_258' title='bbox 210 2107 258 2135; x_wconf 80' lang='lat' dir='ltr'>uero</span> <span class='ocrx_word' id='word_1_259' title='bbox 274 2094 348 2145; x_wconf 87' lang='lat' dir='ltr'>dicam,</span> <span class='ocrx_word' id='word_1_260' title='bbox 364 2096 461 2147; x_wconf 80' lang='lat' dir='ltr'>quantum</span> <span class='ocrx_word' id='word_1_261' title='bbox 476 2095 496 2134; x_wconf 87' lang='lat' dir='ltr'>in</span> <span class='ocrx_word' id='word_1_262' title='bbox 506 2094 583 2147; x_wconf 84' lang='lat' dir='ltr'>reliqua</span> <span class='ocrx_word' id='word_1_263' title='bbox 593 2098 652 2147; x_wconf 90' lang='lat' dir='ltr'>parte</span> <span class='ocrx_word' id='word_1_264' title='bbox 662 2095 764 2149; x_wconf 83' lang='lat' dir='ltr'>discrepet</span> <span class='ocrx_word' id='word_1_265' title='bbox 773 2095 827 2135; x_wconf 85' lang='lat' dir='ltr'>inter</span> 
     </span>
     <span class='ocr_line' id='line_1_31' title="bbox 83 2161 826 2217; baseline 0.003 -16"><span class='ocrx_word' id='word_1_266' title='bbox 83 2161 155 2202; x_wconf 87' lang='lat' dir='ltr'>libros:</span> <span class='ocrx_word' id='word_1_267' title='bbox 171 2163 282 2215; x_wconf 84' lang='lat' dir='ltr'>denique</span> <span class='ocrx_word' id='word_1_268' title='bbox 302 2178 338 2204; x_wconf 91' lang='lat' dir='ltr'>om.</span> <span class='ocrx_word' id='word_1_269' title='bbox 355 2163 377 2203; x_wconf 89' lang='grc' dir='ltr'>Β,</span> <span class='ocrx_word' id='word_1_270' title='bbox 396 2164 465 2217; x_wconf 87' lang='lat' dir='ltr'>polis</span> <span class='ocrx_word' id='word_1_271' title='bbox 479 2163 590 2204; x_wconf 68' lang='lat' dir='ltr'>sorren.</span> <span class='ocrx_word' id='word_1_272' title='bbox 606 2165 660 2217; x_wconf 88' lang='lat' dir='ltr'>poli</span> <span class='ocrx_word' id='word_1_273' title='bbox 675 2166 772 2204; x_wconf 87' lang='lat' dir='ltr'>sortem</span> <span class='ocrx_word' id='word_1_274' title='bbox 785 2163 826 2204; x_wconf 86' lang='lat' dir='ltr'>BL.</span> 
     </span>
     <span class='ocr_line' id='line_1_32' title="bbox 83 2230 827 2286; baseline 0.007 -18"><span class='ocrx_word' id='word_1_275' title='bbox 83 2232 109 2269; x_wconf 90' lang='lat' dir='ltr'>ut</span> <span class='ocrx_word' id='word_1_276' title='bbox 124 2230 203 2275; x_wconf 86' lang='lat' dir='ltr'>etiam</span> <span class='ocrx_word' id='word_1_277' title='bbox 217 2230 260 2271; x_wconf 90' lang='lat' dir='ltr'>Oli</span> <span class='ocrx_word' id='word_1_278' title='bbox 275 2233 371 2286; x_wconf 83' lang='lat' dir='ltr'>(reliquae</span> <span class='ocrx_word' id='word_1_279' title='bbox 385 2234 466 2272; x_wconf 88' lang='lat' dir='ltr'>litterae</span> <span class='ocrx_word' id='word_1_280' title='bbox 479 2234 621 2281; x_wconf 77' lang='lat' dir='ltr'>exoleverunt3</span> <span class='ocrx_word' id='word_1_281' title='bbox 640 2244 726 2273; x_wconf 83' lang='lat' dir='ltr'>vacuum</span> <span class='ocrx_word' id='word_1_282' title='bbox 740 2234 827 2286; x_wconf 86' lang='lat' dir='ltr'>spatium</span> 
     </span>
     <span class='ocr_line' id='line_1_33' title="bbox 84 2299 827 2355; baseline 0.009 -19"><span class='ocrx_word' id='word_1_283' title='bbox 84 2299 153 2337; x_wconf 83' lang='lat' dir='ltr'>autem</span> <span class='ocrx_word' id='word_1_284' title='bbox 172 2300 251 2339; x_wconf 87' lang='lat' dir='ltr'>tautum</span> <span class='ocrx_word' id='word_1_285' title='bbox 271 2306 313 2351; x_wconf 70' lang='lat' dir='ltr'>est,</span> <span class='ocrx_word' id='word_1_286' title='bbox 334 2305 431 2354; x_wconf 80' lang='lat' dir='ltr'>quantum</span> <span class='ocrx_word' id='word_1_287' title='bbox 452 2302 517 2355; x_wconf 85' lang='lat' dir='ltr'>capiat</span> <span class='ocrx_word' id='word_1_288' title='bbox 538 2302 627 2355; x_wconf 78' lang='lat' dir='ltr'>syllabas</span> <span class='ocrx_word' id='word_1_289' title='bbox 646 2314 720 2354; x_wconf 89' lang='lat' dir='ltr'>mpus</span> <span class='ocrx_word' id='word_1_290' title='bbox 740 2303 827 2354; x_wconf 84' lang='lat' dir='ltr'>quasi,</span> 
     </span>
     <span class='ocr_line' id='line_1_34' title="bbox 85 2366 827 2423; baseline 0.009 -18"><span class='ocrx_word' id='word_1_291' title='bbox 85 2366 121 2406; x_wconf 90' lang='lat' dir='ltr'>sed</span> <span class='ocrx_word' id='word_1_292' title='bbox 133 2380 170 2419; x_wconf 88' lang='lat' dir='ltr'>per</span> <span class='ocrx_word' id='word_1_293' title='bbox 184 2370 243 2408; x_wconf 86' lang='lat' dir='ltr'>notas</span> <span class='ocrx_word' id='word_1_294' title='bbox 260 2370 353 2422; x_wconf 86' lang='lat' dir='ltr'>scriptas)</span> <span class='ocrx_word' id='word_1_295' title='bbox 369 2369 391 2409; x_wconf 88' lang='lat' dir='ltr'>B.</span> <span class='ocrx_word' id='word_1_296' title='bbox 409 2371 483 2423; x_wconf 85' lang='lat' dir='ltr'>quasi</span> <span class='ocrx_word' id='word_1_297' title='bbox 501 2370 613 2423; x_wconf 76' lang='lat' dir='ltr'>proximus</span> <span class='ocrx_word' id='word_1_298' title='bbox 629 2371 655 2411; x_wconf 89' lang='lat' dir='ltr'>sit</span> <span class='ocrx_word' id='word_1_299' title='bbox 670 2372 730 2411; x_wconf 87' lang='lat' dir='ltr'>terris</span> <span class='ocrx_word' id='word_1_300' title='bbox 746 2374 767 2411; x_wconf 88' lang='lat' dir='ltr'>et</span> <span class='ocrx_word' id='word_1_301' title='bbox 781 2373 827 2412; x_wconf 90' lang='lat' dir='ltr'>ulti-</span> 
     </span>
     <span class='ocr_line' id='line_1_35' title="bbox 83 2436 828 2492; baseline 0.008 -18"><span class='ocrx_word' id='word_1_302' title='bbox 83 2449 137 2475; x_wconf 89' lang='lat' dir='ltr'>mus</span> <span class='ocrx_word' id='word_1_303' title='bbox 157 2436 197 2489; x_wconf 88' lang='lat' dir='ltr'>lnp.</span> <span class='ocrx_word' id='word_1_304' title='bbox 219 2438 330 2491; x_wconf 74' lang='lat' dir='ltr'>proximis</span> <span class='ocrx_word' id='word_1_305' title='bbox 350 2440 377 2479; x_wconf 87' lang='lat' dir='ltr'>sit</span> <span class='ocrx_word' id='word_1_306' title='bbox 394 2440 467 2479; x_wconf 87' lang='lat' dir='ltr'>terris</span> <span class='ocrx_word' id='word_1_307' title='bbox 487 2441 508 2479; x_wconf 90' lang='lat' dir='ltr'>et</span> <span class='ocrx_word' id='word_1_308' title='bbox 526 2439 615 2479; x_wconf 85' lang='lat' dir='ltr'>ultimis</span> <span class='ocrx_word' id='word_1_309' title='bbox 634 2439 658 2479; x_wconf 89' lang='lat' dir='ltr'>B.</span> <span class='ocrx_word' id='word_1_310' title='bbox 680 2453 761 2491; x_wconf 83' lang='lat' dir='ltr'>quare</span> <span class='ocrx_word' id='word_1_311' title='bbox 781 2441 828 2492; x_wconf 84' lang='lat' dir='ltr'>(hoc</span> 
     </span>
     <span class='ocr_line' id='line_1_36' title="bbox 50 2502 826 2562; baseline 0.008 -20"><span class='ocrx_word' id='word_1_312' title='bbox 50 2502 52 2505; x_wconf 69' lang='grc'><strong>”</strong></span> <span class='ocrx_word' id='word_1_313' title='bbox 83 2504 164 2557; x_wconf 81' lang='lat' dir='ltr'>quidem</span> <span class='ocrx_word' id='word_1_314' title='bbox 184 2506 244 2546; x_wconf 85' lang='lat' dir='ltr'>etiarn</span> <span class='ocrx_word' id='word_1_315' title='bbox 265 2508 286 2546; x_wconf 90' lang='lat' dir='ltr'>in</span> <span class='ocrx_word' id='word_1_316' title='bbox 305 2508 328 2547; x_wconf 87' lang='lat' dir='ltr'>L.</span> <span class='ocrx_word' id='word_1_317' title='bbox 347 2509 386 2560; x_wconf 86' lang='lat' dir='ltr'>est)</span> <span class='ocrx_word' id='word_1_318' title='bbox 404 2509 517 2562; x_wconf 74' lang='lat' dir='ltr'>proximus</span> <span class='ocrx_word' id='word_1_319' title='bbox 537 2510 563 2549; x_wconf 89' lang='lat' dir='ltr'>sit</span> <span class='ocrx_word' id='word_1_320' title='bbox 583 2508 642 2548; x_wconf 87' lang='lat' dir='ltr'>terris</span> <span class='ocrx_word' id='word_1_321' title='bbox 663 2510 683 2548; x_wconf 85' lang='lat' dir='ltr'>et</span> <span class='ocrx_word' id='word_1_322' title='bbox 698 2509 786 2549; x_wconf 86' lang='lat' dir='ltr'>ultimis</span> <span class='ocrx_word' id='word_1_323' title='bbox 801 2509 826 2548; x_wconf 83' lang='lat' dir='ltr'>A.</span> 
     </span>
     <span class='ocr_line' id='line_1_37' title="bbox 83 2575 827 2630; baseline 0.005 -18"><span class='ocrx_word' id='word_1_324' title='bbox 83 2575 112 2612; x_wconf 90' lang='lat' dir='ltr'>de</span> <span class='ocrx_word' id='word_1_325' title='bbox 134 2575 232 2625; x_wconf 86' lang='lat' dir='ltr'>(lunari</span> <span class='ocrx_word' id='word_1_326' title='bbox 250 2577 294 2616; x_wconf 88' lang='lat' dir='ltr'>add.</span> <span class='ocrx_word' id='word_1_327' title='bbox 314 2579 423 2630; x_wconf 82' lang='lat' dir='ltr'>corrector)</span> <span class='ocrx_word' id='word_1_328' title='bbox 444 2579 521 2629; x_wconf 90' lang='lat' dir='ltr'>globo</span> <span class='ocrx_word' id='word_1_329' title='bbox 541 2580 628 2618; x_wconf 86' lang='lat' dir='ltr'>autem</span> <span class='ocrx_word' id='word_1_330' title='bbox 647 2578 672 2618; x_wconf 81' lang='grc' dir='ltr'>Α.</span> <span class='ocrx_word' id='word_1_331' title='bbox 693 2580 722 2618; x_wconf 87' lang='lat' dir='ltr'>dc</span> <span class='ocrx_word' id='word_1_332' title='bbox 742 2580 827 2617; x_wconf 86' lang='lat' dir='ltr'>autem</span> 
     </span>
    </p>
   </div>
   <div class='ocr_carea' id='block_1_3' title="bbox 81 2644 827 2771">
    <p class='ocr_par' dir='ltr' id='par_1_5' title="bbox 81 2644 827 2771">
     <span class='ocr_line' id='line_1_38' title="bbox 81 2644 827 2700; baseline 0.004 -19"><span class='ocrx_word' id='word_1_333' title='bbox 81 2644 169 2683; x_wconf 86' lang='lat' dir='ltr'>lunari</span> <span class='ocrx_word' id='word_1_334' title='bbox 189 2644 249 2695; x_wconf 82' lang='lat' dir='ltr'>globo</span> <span class='ocrx_word' id='word_1_335' title='bbox 268 2645 291 2685; x_wconf 86' lang='grc' dir='ltr'>Β,</span> <span class='ocrx_word' id='word_1_336' title='bbox 310 2647 493 2700; x_wconf 81' lang='lat' dir='ltr'>perstringam</span> <span class='ocrx_word' id='word_1_337' title='bbox 513 2660 549 2687; x_wconf 87' lang='lat' dir='ltr'>om.</span> <span class='ocrx_word' id='word_1_338' title='bbox 567 2647 590 2687; x_wconf 89' lang='grc' dir='ltr'>Β,</span> <span class='ocrx_word' id='word_1_339' title='bbox 611 2647 678 2700; x_wconf 87' lang='lat' dir='ltr'>quod</span> <span class='ocrx_word' id='word_1_340' title='bbox 696 2648 734 2687; x_wconf 89' lang='lat' dir='ltr'>hoc</span> <span class='ocrx_word' id='word_1_341' title='bbox 753 2646 788 2698; x_wconf 90' lang='lat' dir='ltr'>lnp</span> <span class='ocrx_word' id='word_1_342' title='bbox 803 2644 827 2684; x_wconf 92' lang='lat' dir='ltr'>B.</span> 
     </span>
     <span class='ocr_line' id='line_1_39' title="bbox 81 2711 827 2771; baseline 0.005 -22"><span class='ocrx_word' id='word_1_343' title='bbox 81 2711 144 2764; x_wconf 84' lang='lat' dir='ltr'>quia</span> <span class='ocrx_word' id='word_1_344' title='bbox 169 2714 207 2752; x_wconf 88' lang='lat' dir='ltr'>hoc</span> <span class='ocrx_word' id='word_1_345' title='bbox 227 2714 252 2754; x_wconf 88' lang='lat' dir='ltr'>A.</span> <span class='ocrx_word' id='word_1_346' title='bbox 276 2716 456 2771; x_wconf 82' lang='lat' dir='ltr'>perstringam</span> <span class='ocrx_word' id='word_1_347' title='bbox 490 2716 544 2756; x_wconf 82' lang='lat' dir='ltr'>Hoc</span> <span class='ocrx_word' id='word_1_348' title='bbox 563 2717 667 2769; x_wconf 56' lang='lat' dir='ltr'>§shortly</span> <span class='ocrx_word' id='word_1_349' title='bbox 691 2715 716 2754; x_wconf 89' lang='lat' dir='ltr'>de</span> <span class='ocrx_word' id='word_1_350' title='bbox 734 2714 827 2755; x_wconf 84' lang='lat' dir='ltr'>Lactant.</span> 
     </span>
    </p>
   </div>
   <div class='ocr_carea' id='block_1_4' title="bbox 0 0 901 2885">
    <p class='ocr_par' dir='ltr' id='par_1_6' title="bbox 0 0 901 2885">
     <span class='ocr_line' id='line_1_40' title="bbox 0 0 901 2885; baseline 0 0"><span class='ocrx_word' id='word_1_351' title='bbox 0 0 901 2885; x_wconf 95' lang='lat' dir='ltr'> </span> 
     </span>
    </p>
   </div>
  </div>
 </body>
</html>
