1780 2936
385 93 440 135 Caput
452 91 484 125 IX.
769 77 810 125 193

64 198 116 238 infra
131 201 153 248 2,
167 198 226 251 plura
240 197 365 251 proferemus
375 197 396 236 111
405 193 574 235 Emendatiouum
583 193 645 241 libro,
664 203 703 243 qua
713 190 739 229 de
749 189 807 242 Prop.

64 266 93 306 II.
104 269 130 307 21
147 266 193 319 (ΠΙ.
205 268 269 317 280),
290 267 317 305 54
338 266 451 318 quaeretur.
482 262 543 308 Quod
562 262 614 301 enim
629 260 729 300 eommuni
742 259 808 298 famae

66 335 113 386 (uid.
127 350 146 388 p.
158 336 208 385 186>
228 347 324 374 assensus
339 335 399 386 poeta
415 332 532 384 scripserat:
550 329 684 380 Phegeus,
698 329 719 367 irl
734 328 809 367 fautum

65 407 97 443 est
111 403 198 456 Pegeus
211 404 241 452 (ef.
252 403 320 442 Burm.
331 402 388 454 Prop.
399 414 418 453 p.
430 403 492 450 190),
507 399 554 437 iuole
569 410 588 437 V.
604 410 622 449 p.
636 398 677 436 198
697 395 808 447 Tegeus,

66 473 118 525 quod
132 473 199 525 ipsum
214 473 234 511 et
247 472 304 511 illum
314 483 402 510 errorem
418 470 497 520 genuit,
513 480 552 519 quo
563 466 584 505 iu
593 466 696 505 Puteaueo
707 467 727 504 et
735 477 809 504 uorem

67 541 110 580 aliis
125 541 225 581 oodiuibus
237 539 412 590 legiturtutque
427 537 529 588 Vegeus,
545 538 566 574 et
579 536 642 574 hune:
656 535 679 572 ut
692 533 809 584 Tegeeus.
851 554 854 556 ,

66 608 130 648 Reate
145 610 213 649 autem
227 607 275 646 diei:

163 677 165 679 ’
177 674 206 715 Ut
218 674 341 726 Phegeus
354 686 403 726 aper
418 672 551 724 cupressifero
566 669 692 724 Erymantho

68 745 126 784 docet
141 757 183 783 vox
196 743 347 784 Cenchreus
364 741 414 781 Stat.
425 740 461 781 IV.
474 743 506 781 60.
528 740 647 792 Alpheus
657 738 715 790 Virg.
724 737 751 777 X.
763 740 810 779 179.

68 811 137 851 Claud.
152 812 175 851 B.
190 810 301 851 (11111483.
326 809 370 851 Get.
382 812 430 851 575.

128 1006 193 1046 Venio
216 1005 242 1044 ad
260 1003 365 1043 materiam
384 1015 445 1055 supra
464 1001 523 1042 VIII.
540 1004 552 1040 2
572 1002 698 1041 destinatam.
731 1002 810 1055 Repeto

69 1076 138 1114 autem
152 1087 165 1113 a
180 1072 248 1113 verbis
263 1071 397 1113 CAESARE
411 1059 660 1122 H.Dis1.Resp.0XH.
676 1084 695 1122 p.
707 1073 739 1110 66.
748 1069 773 1110 0:

99 1139 120 1182 ἐκ
136 1139 198 1196 Τύρῳ
211 1137 317 1195 Ἡρακλῆς
331 1138 412 1191 μᾶλλον
428 1135 452 1179 δὲ
468 1134 585 1194 ἠράκλης
601 1132 737 1193 παριάλωαος
752 1135 812 1192 γενό-

99 1224 162 1262 μενος
175 1206 211 1249 διὰ
227 1204 304 1249 κακίαν
319 1202 363 1248 ὑπὸ
378 1207 421 1248 τῶν
437 1202 510 1247 ἀθέων
526 1202 667 1256 ε’κθαάζεκαι.

14 1296 18 1299 ’
70 1278 102 1317 De
121 1279 193 1331 quibus
206 1276 320 1316 Lobeokius
337 1275 437 1327 Aglaoph.
455 1289 474 1327 p.
489 1276 531 1315 575
550 1277 611 1315 notr
629 1288 700 1327 parum
715 1276 812 1328 probabili

70 1345 208 1399 pronuntiavit
222 1344 304 1383 iudieio:
319 1342 375 1392 „Hie
389 1343 457 1392 neseio
471 1343 519 1395 quid
534 1342 607 1394 lateat,
622 1343 661 1382 nisi
675 1343 726 1382 forte
736 1357 812 1397 propor-

71 1412 131 1469 κλῆς,
152 1413 268 1466 utpassim
287 1412 317 1451 illi
335 1424 408 1451 nomen
429 1405 496 1465 ἱερεύς
510 1411 607 1450 irridendi
619 1423 681 1451 eausa
693 1412 714 1451 in
729 1408 813 1467 μιερεύς

72 1483 192 1534 detorquent
207 1482 231 1520 ab
246 1478 344 1520 adieetiro
360 1473 433 1533 μιαρός
447 1492 484 1531 pro
494 1476 594 1533 μιαρός.“
618 1480 673 1519 Ante
684 1493 744 1532 quem
754 1479 813 1519 Cote-

71 1550 133 1590 lerius
152 1551 190 1589 hoa
209 1542 366 1588 comestore-at:
389 1542 452 1601 ,ἔρα
472 1540 567 1601 ἀκλεής
586 1547 685 1599 inglorius
705 1549 726 1587 in
742 1551 813 1588 terra“

72 1620 105 1659 ille
121 1618 202 1671 quidem
211 1616 350 1656 verisimiliora
360 1616 488 1655 eonseotatus
498 1616 520 1654 iu
529 1614 617 1655 Monum.
627 1616 681 1655 Eool.
692 1615 727 1656 Gr.
742 1616 764 1656 Τ.
774 1616 813 1656 ΠΙ.

72 1701 92 1740 p.
103 1689 155 1726 635:
177 1681 337 1740 ,παρακλὴς
356 1683 421 1735 gloria
440 1683 504 1733 ignis,
519 1696 531 1722 a
545 1696 584 1735 quo
599 1685 670 1736 eaptus
687 1687 709 1724 et
723 1697 814 1724 eonsum-

73 1757 121 1808 ptus
135 1755 195 1805 suar,
215 1754 268 1804 quod
282 1753 388 1791 inuentum
403 1751 475 1790 melius
490 1752 556 1790 faeere
571 1752 641 1791 uideor
656 1752 685 1791 sie
699 1754 815 1793 scribendo:

55 1826 57 1829 '
74 1820 228 1877 Πάρακλῆςῑ
248 1834 321 1861 nomen
338 1821 391 1859 enim
405 1820 424 1858 ei
438 1820 512 1859 montis
525 1818 589 1860 Oetae
604 1821 657 1872 looo,
673 1822 694 1860 in
710 1834 749 1874 quo
764 1821 815 1859 Her-

75 1892 130 1942 oules
148 1892 263 1931 combustus
282 1884 330 1939 fuit,
351 1885 450 1929 mansisse
469 1885 599 1943 Hrapctvrss)
622 1891 714 1930 auctores
733 1892 780 1930 sunt
795 1891 815 1942 ii,

122 2002 150 2044 88)
163 2001 230 2043 Rogum
247 1996 311 2044 πυράν
324 2000 397 2033 Graeoos
413 1990 505 2041 plurimam
521 2009 591 2033 vocasse
597 2001 608 2018 ‘⁴
625 2000 717 2033 docuerunt
727 2000 817 2033 Hemster-

74 2056 134 2089 husius
145 2057 156 2089 l.
165 2056 180 2089 d.
192 2056 261 2091 Looella
269 2055 348 2097 Xenoph.
356 2057 402 2098 Eph.
415 2056 445 2090 Ν.
454 2059 469 2089 2.
482 2067 499 2099 p.
508 2059 546 2089 322.
565 2056 652 2089 Iaoobsius
660 2056 742 2091 Philostr.
754 2056 785 2090 lm.
792 2056 816 2091 Π.

75 2117 103 2146 30.
115 2124 132 2156 p.
140 2116 180 2146 556.
197 2112 235 2144 add.
247 2113 280 2145 Dio
294 2112 353 2155 Chrys
367 2112 415 2145 VIII.
428 2123 445 2154 p.
455 2116 498 2155 287,
513 2116 544 2145 19:
559 2111 621 2159 πυρὰν
631 2110 689 2156 Ινήσας
699 2113 718 2146 ἓν
730 2117 752 2160 τῇ
766 2115 817 2159 Οἴτῃ.

19 2188 21 2192 >
76 2170 132 2203 Sohol.
142 2170 193 2212 Soph.
201 2169 247 2201 Phil.
256 2172 294 2202 800.
307 2179 323 2210 p.
333 2172 371 2201 291.
381 2173 432 2201 1131.
446 2179 463 2210 p.
472 2173 512 2202 300.
532 2169 633 2202 Theodoret.
644 2171 672 2201 Gr.
680 2170 712 2202 Ah.
721 2170 759 2202 Cur.
768 2169 816 2203 VIII.

75 2237 93 2268 p.
101 2229 144 2260 904:
156 2224 217 2273 πυρὰν
230 2224 281 2270 ἅψας
297 2226 327 2258 καὶ
346 2223 414 2258 ἑαυτόν
425 2238 447 2269 γε
460 2226 525 2262 καθεὶς
537 2227 569 2259 τοῦ
580 2229 622 2269 βίον
636 2223 659 2268 τὸι
672 2227 723 2263 τέλος
735 2225 816 2265 ἐδέξατο.

75 2283 135 2316 Ioaun.
147 2282 226 2315 Antioeh.
238 2282 301 2315 Aueod.
313 2281 353 2315 Par.
361 2282 384 2315 II.
398 2293 415 2324 p.
425 2285 469 2324 385,
484 2286 503 2315 1:
520 2281 610 2329 Ἡρακλῆς
622 2282 721 2328 εἲςλοιμὸκ
729 2281 817 2328 ἐμπεσὼν

77 2340 103 2377 εἰς
120 2337 181 2387 πυρὰν
197 2337 255 2382 ἥλατο
272 2340 293 2373 ot.
306 2339 354 2373 Osirl.
369 2343 400 2372 36:
421 2339 477 2383 fumo,
494 2339 549 2376 [luem
564 2342 612 2373 vetus
629 2349 699 2373 aooeusa
711 2343 779 2383 separat
791 2341 818 2373 ire

77 2405 136 2438 pyra.
151 2398 185 2427 tres
200 2396 248 2428 codd.
267 2406 338 2428 ascenso
355 2415 377 2419 —
393 2406 455 2438 rogo.
480 2397 551 2428 Sanuaz.
568 2397 618 2438 Eleg.
629 2396 642 2427 I.
655 2400 724 2438 pssibz
741 2398 818 2441 „Tiryn-

75 2451 123 2482 thius
136 2470 160 2474 —
171 2452 218 2484 Visit
229 2454 250 2484 ab
263 2453 325 2484 Oetaea
337 2463 391 2494 regno
402 2456 474 2495 paterna
481 2454 547 2497 pyra,“
560 2464 608 2495 quem
616 2454 706 2494 praeteriit
713 2455 819 2487 Schraderus

37 2533 39 2536 .
76 2508 147 2540 Emeud.
155 2508 177 2541 V.
190 2519 207 2550 p.
218 2512 256 2542 106.
280 2509 341 2541 Latius
354 2512 410 2541 autem
422 2510 458 2541 eius
471 2510 549 2543 vocabuli
562 2513 620 2551 patere
632 2510 666 2542 vim
678 2512 695 2542 et
706 2521 756 2543 usum
769 2522 788 2544 ex
796 2511 818 2544 iis

77 2541 179 2607 iutiilhgitur
190 2564 244 2606 loris,
257 2575 299 2608 quos
310 2565 329 2597 iu
342 2565 400 2608 Steph.
409 2566 458 2599 Thes.
467 2567 497 2601 Vl.
509 2578 526 2609 p.
539 2567 609 2600 2248.Α
622 2567 693 2599 omissos
702 2568 778 2610 proferre
785 2568 819 2601 iam

77 2621 122 2654 lieet.
146 2620 206 2655 Ioann.
221 2620 308 2666 chrysost.
324 2622 343 2654 T.
353 2623 367 2656 1.
385 2633 402 2665 p.
412 2623 482 2658 312.D:
500 2624 536 2662 εἶσὶ
555 2622 575 2656 δὲ
592 2624 610 2656 o‘r'
627 2623 750 2670 accipiente&
765 2636 818 2657 κακα-

79 2676 149 2724 σφάξακ
166 2675 198 2714 τὰς
216 2677 286 2713 ἑαυτῶν
302 2683 391 2722 γυναῖκας
403 2680 480 2725 ἔμειναν
493 2680 563 2726 ὁμοίως
575 2679 584 2722 ἢ
597 2682 628 2714 καὶ
640 2677 819 2727 ’κιειζόαωςκηκόμε-

78 2746 108 2767 ror
124 2737 145 2781 τῇ
160 2736 235 2781 πυρᾷ,
256 2736 285 2778 qui
301 2733 365 2783 nuptu
382 2737 457 2778 appellat
469 2735 501 2780 τὴν
514 2737 821 2780 ζηλοτυπίαν(Μα1111.,Νοκ.ΕαΙ,

108 2802 166 2835 sinis.
646 2798 672 2838 13
