1780 2936
399 64 455 106 Caput
466 63 481 96 1.
800 57 812 92 3

67 169 144 209 nartius
163 169 184 208 in
205 167 250 208 Stat
251 167 331 208 Theb.
349 166 399 207 ΧΠ.
421 169 469 207 576.
489 179 507 219 p.
521 167 568 206 530.
584 165 645 207 ut
624 168 655 216 et,
678 167 812 216 utridetm,

67 237 177 277 Merkelius
196 238 217 278 in
236 236 294 277 Ouid.
311 237 341 277 55.
356 238 405 276 405.
424 250 444 289 p.
458 237 501 275 438
521 235 637 288 descripsit:
659 181 812 287 ,51505555005

67 320 136 346 050055
151 306 230 358 Sinis,
245 307 327 345 et'non
342 305 422 357 hospita
437 302 497 343 Grais
514 316 577 354 saxa,
589 306 614 344 et
628 306 723 344 curvatas
738 305 759 343 in
775 316 813 343 sua

66 376 108 416 fata
125 377 211 415 trabes.“
245 373 327 413 Scilicet
347 373 386 412 hoc
405 372 484 423 deerat,
510 373 533 411 ut
557 384 608 424 0055
627 372 726 412 communi
744 373 813 412 nescio

67 443 124 482 00505
138 442 196 481 uerbi
208 441 289 481 5500010
304 440 357 480 docti
371 440 462 479 homines
473 440 590 479 riderentur
605 440 643 480 sibi
653 442 813 480 commodissime

67 510 211 559 adstrinxisse,
226 509 303 549 caiam
318 522 359 548 non
373 509 432 548 mode
447 509 600 557 relaxarentur,
617 510 654 547 sed
664 508 812 560 dissepirentur
839 506 842 509 ”

67 581 88 617 55
107 580 210 630 tamquam
228 577 319 629 disparia
338 577 500 628 seiungerentur.
537 576 664 629 Quamquam
685 578 723 616 hcc
746 578 813 629 ipsum

66 646 155 685 omnium
178 646 266 684 maxime
290 645 363 684 mirum
385 647 418 683 555
440 644 547 697 permixtis
566 645 648 684 5001505
672 657 741 684 omnes
760 646 814 684 tueri

66 726 137 752 500550
152 714 247 765 aliquam,
263 726 324 765 quam
336 726 395 752 nemo
410 714 476 752 adhuc
492 712 571 763 extitit,
587 714 621 765 001
631 713 691 765 plane
701 715 832 766 aperteque.

62 795 185 834 ,expressam
200 783 299 834 proferret
316 784 337 821 et
351 783 419 833 aptam
433 783 455 820 et
470 782 607 820 necessariam
621 782 716 834 probaret
732 795 756 820 ac
765 783 813 821 snb-

66 853 158 901 rogaret,
180 863 228 890 nam
248 851 292 889 5555
311 850 461 889 Lachmannum
480 850 572 901 sequeris
593 850 636 889 sive
655 849 812 900 Hertnbergium

66 920 160 958 nimirum
177 918 229 956 hanc
249 917 371 969 expediendi
389 917 444 957 viam
462 917 578 967 ingressum
599 916 691 962 Quaestt.
707 917 719 955 1,
736 918 765 957 d.:
785 930 813 966 „e

66 986 134 1026 verbis
145 985 310 1025 antecedentibus
324 998 439 1024 curvare
453 986 475 1024 55
489 985 650 1029 dedecorare
665 984 813 1037 simplicissima

67 1055 125 1094 verbi
139 1053 241 1093 5550555551
252 1053 284 1092 515
297 1053 408 1104 repetenda
422 1054 482 1092 55511,
492 1066 509 1092 e.
524 1053 558 1092 555
567 1052 655 1092 habendi
665 1053 813 1103 551150150511,“

67 1123 112 1162 11155
127 1124 196 1174 partes
210 1112 274 1171 liquet
287 1133 360 1172 parum
372 1120 425 1159 inter
440 1133 463 1158 55
478 1133 590 1170 congruere
605 1120 631 1159 ad
640 1121 812 1173 perspicuitatem,

67 1191 106 1230 nisi
120 1192 172 1230 10555
183 1189 227 1242 0015
243 1190 264 1228 55
277 1188 431 1228 concinnitatem
445 1190 466 1228 et
479 1188 586 1227 veritatem
599 1189 658 1241 putat
667 1190 760 1229 constare
770 1189 812 1237 his:

68 1258 131 1308 „Non
145 1257 178 1297 hic
192 1257 317 1296 adhibuit
308 1255 384 1296 551015
401 1257 496 1295 55505555
510 1269 580 1296 050055
597 1248 633 1296 505
647 1257 748 1309 inhospita
762 1271 813 1297 saxa

67 1324 501 1367 5550155510005015505551555505
517 1337 539 1364 55
554 1325 664 1378 ipsum—
678 1337 744 1377 neque
759 1326 812 1365 enim

67 1394 106 1434 illis
122 1392 229 1434 Graiorum
247 1393 341 1433 nimirum
355 1392 489 1433 disclusorum
502 1393 549 1433 15555
563 1396 619 1433 recte
634 1393 769 1448 acquiescitur
783 1419 810 1424 —

68 1462 189 1502 adhibuit
210 1462 304 1502 curvatas
319 1461 405 1501 trabes¹‘
424 1460 459 1502 555
475 1461 540 1501 hisce:
559 1474 617 1511 „non
630 1462 663 1502 hic
678 1461 814 1502 8101515015

68 1530 162 1570 55505555
177 1542 247 1569 cruces
262 1532 298 1569 aut
312 1542 363 1569 saxa
381 1529 499 1569 reddidit
516 1530 618 1582 inhospita
634 1532 669 1570 aut
684 1532 813 1570 00555555

67 1600 160 1638 insnum
174 1598 238 1650 ipsius
253 1598 316 1637 letum
330 1598 399 1637 trabes
414 1598 528 1638 51150151
558 1598 613 1644 Qud
628 1611 676 1637 vero
691 1599 814 1638 mentionem

67 1668 197 1711 curvatarum
215 1666 237 1705 in
258 1665 332 1705 Sinidis
352 1666 394 1705 1555
411 1667 504 1705 55505050
517 1666 538 1705 id
553 1668 586 1705 555
600 1679 677 1719 poenae
691 1667 814 1707 5150515515-

68 1735 238 1776 simoscelerum
258 1735 338 1773 uindice
359 1737 380 1774 et
398 1734 465 1773 ultore
485 1737 570 1773 exactae
584 1726 644 1786 quam
659 1734 712 1775 55115
727 1738 748 1774 55
763 1737 814 1775 50155

67 1804 180 1844 inchoatam
196 1803 316 1842 arbitremur
331 1815 377 1841 5555
390 1803 411 1842 10
426 1815 449 1841 50
465 1803 517 1853 1000,
537 1803 571 1854 005
585 1803 635 1856 ipsis
650 1803 720 1853 malis,
741 1804 813 1855 001505

68 1873 115 1912 olim
129 1871 215 1912 Graecia
228 1871 332 1911 laborasse
346 1872 421 1920 fertur,
436 1871 565 1911 recensendis
582 1872 701 1911 deberetur?
722 1870 813 1922 Accedit,

68 1942 122 1994 quod
143 1952 193 1980 saxa
218 1940 282 1979 105555
302 1939 404 1991 inhospita
423 1937 532 1988 Graecis
558 1940 656 1979 inutiliter
681 1943 741 1992 atque
762 1942 812 1981 adeo

68 2011 136 2062 inepte
155 2009 258 2058 dicuntur,
283 2008 323 2047 nisi
344 2007 362 2047 si
380 2007 459 2047 omissis
477 2008 607 2057 facinoribus,
631 2008 702 2061 001505
721 2007 812 2048 isthmus

67 2077 146 2117 infamis
161 2076 207 2127 1055,
224 2088 236 2115 a
249 2076 355 2128 Propertio
369 2076 477 2127 significari
492 2088 560 2115 sumas
576 2075 687 2115 Taurorum
699 2075 812 2117 immanita·

68 2149 110 2186 tem
124 2143 196 2184 Graios
212 2144 301 2183 aduenas
317 2156 354 2196 pro
369 2143 456 2183 51055015
471 2145 556 2183 caedere
571 2144 680 2183 solitorum.
710 2143 751 2184 Sed
764 2146 813 2197 quid

67 2212 282 2267 plura'argumenter
301 2212 322 2251 in
345 2225 368 2251 re
387 2211 488 2252 euidenti?
518 2211 610 2265 Namque
630 2212 674 2265 ipse
694 2212 812 2266 Propertius

68 2281 213 2322 sententiarum
233 2281 323 2321 ordinem
343 2281 432 2321 ostendit
456 2282 533 2320 certum
552 2293 576 2319 50
596 2280 728 2319 deformatum
749 2281 812 2321 hunc:

67 2350 159 2389 Romana
176 2350 231 2388 terra
250 2349 300 2389 00115
314 2362 408 2402 umquam
428 2361 493 2388 noxae
512 2350 616 2388 commoda
630 2348 672 2387 1015.
702 2348 756 2388 Hinc
763 2363 814 2403 ,pro-

68 2418 100 2459 cul
113 2419 187 2458 absunt
202 2420 292 2458 cerastae
306 2419 327 2456 et
338 2418 415 2457 marina
427 2419 526 2466 monstra;
542 2418 574 2456 hic
587 2417 642 2455 nulla
655 2420 739 2457 manent
751 2420 814 2459 55551-

68 2488 103 2540 gia
120 2486 263 2535 Andromedae
286 2484 323 2539 pro
347 2488 412 2525 matre
437 2487 531 2538 punitae,
555 2485 587 2524 liic
609 2485 677 2524 nullae
698 2486 814 2540 Thyesteae

68 2568 142 2598 coenae
156 2567 194 2594 nec
206 2555 240 2594 hie
254 2555 359 2607 Meleager
373 2558 394 2594 et
407 2554 509 2594 Pentheus
519 2557 610 2593 materno
625 2555 702 2594 scelere
713 2555 814 2609 absumpti

69 2628 104 2666 aut
117 2624 224 2679 iphigenia
238 2636 250 2663 5
266 2627 324 2677 patre
343 2611 403 2663 505551
417 2625 528 2673 destinata
544 2637 581 2663 nec
596 2624 626 2663 his
643 2623 712 2676 pelicis
726 2625 813 2676 figuram
844 2625 846 2628 ’

639 2697 649 2731 1
662 2692 673 2716 ss
