1780 2885
22 26 25 28 Β
49 34 51 37 -
63 48 104 86 192
309 82 311 85 -
384 59 439 100 Caput
450 58 481 91 IX.
487 64 495 70 ³

61 161 187 214 potissimum
201 163 342 203 auctoritatem
352 163 442 216 sequuti3
459 163 538 215 quidam
548 162 685 203 araunium
701 165 749 214 (not.
761 165 802 214 82),

61 229 151 269 nonnulli
165 229 325 270 Maenalium
339 232 424 271 Martial.
436 231 502 284 Speot.
512 230 605 271 XXVII.
616 234 639 271 4:
654 230 738 280 '„Aroas
747 231 803 270 Mae-

60 298 137 337 nalium
155 311 194 337 non
213 300 315 339 timuisset
334 302 421 352 aprum.“
451 300 521 352 Epigr.
532 301 557 340 V.
569 303 651 349 65,10,
682 298 727 339 Seu.
743 300 803 340 Hero

60 367 107 406 Fur.
119 369 166 406 229,
196 367 311 408 Nemesion.
334 368 397 408 Laud.
418 368 478 408 Here.
490 371 542 408 103:
563 368 735 419 „Maenalium
750 370 803 420 petis

60 436 107 475 inde
122 448 210 475 nemus
229 436 337 488 fletamque
353 437 427 476 colonis
442 436 551 476 Arcadiam
558 439 574 486 “‚
591 438 644 488 quod
659 438 711 476 idem
727 437 803 476 inveni-

60 507 93 544 tur
107 505 161 556 apud
179 503 265 544 Statium
281 505 341 545 Theb.
352 504 390 545 IX.
404 509 443 545 719
456 506 479 545 cf.
493 507 544 546 798:
560 508 686 557 „angustum
696 528 724 533 —
735 500 802 544 llae-

60 574 160 612 nalium
176 573 211 612 tibi
226 597 255 602 —
270 586 362 613 nemus
377 587 453 626 perque
470 576 527 613 antra
543 575 630 613 ferarum
641 574 682 614 Vix
693 576 749 613 tutae
760 574 803 612 sine

61 644 125 681 matre
138 642 200 681 iu'ae“
215 643 236 680 et
251 641 346 681 Ovidium
362 641 387 684 A,
399 642 423 681 A.
433 642 460 681 Π,
472 646 524 682 193:
544 642 606 692 „Non
620 645 641 682 te
655 642 803 698 Maenalias
848 650 850 653 “

61 712 160 749 armatum
178 710 274 750 scandere
295 711 380 750 silvas
400 710 444 750 Nec
463 711 522 749 iubeo
543 711 592 750 collo
608 711 659 750 retia
674 712 727 750 ferre
742 713 804 759 tuo;“

60 791 126 830 neque
141 779 194 817 enim
209 779 260 817 alius
275 792 333 818 mons
349 779 473 831 frequentius
487 779 574 818 venandi
588 779 648 817 laude
659 782 753 818 censetur
763 780 802 819 uid.

61 846 116 886 Grat.
133 845 183 899 Cyn.
200 849 242 886 100
257 861 286 898 sq.
300 850 320 886 et
336 847 369 900 qui
382 847 468 887 Dianam
478 847 599 887 Maenaliam
614 854 736 897 memorant,
752 846 802 887 siat.

62 914 122 955 Theb.
133 914 182 954 ΧΠ.
195 917 241 956 125.
268 915 301 955 sn.
312 915 360 954 XV.
373 919 419 955 774.
450 914 553 955 Claudiam
569 915 593 954 R.
609 916 664 954 Pros.
675 916 691 954 Ι.
703 918 750 955 228.
765 915 803 955 IV,

61 983 120 1023 Cous.
135 982 178 1022 Stil.
193 986 241 1023 161.
271 983 325 1023 ulau.
348 983 422 1041 Theod.
439 987 486 1023 291.
508 982 577 1036 Olybr.
589 987 629 1023 18?
644 984 667 1023 ol.
684 982 728 1023 Sec.
743 983 802 1023 Oons.
825 991 828 994 ’

61 1051 104 1091 stu.
123 1054 165 1091 auo
187 1055 208 1091 ei
222 1052 246 1091 R.
262 1052 316 1091 Pras.
328 1052 354 1091 Π,
372 1055 419 1091 244.
451 1052 508 1092 Onu
523 1053 567 1091 Am.
582 1051 678 1103 [7,14.
703 1051 746 1092 nri
757 1052 802 1091 Am.
885 1046 886 1054 ’

61 1119 136 1160 Lata
161 1119 214 1160 Hinc
229 1121 289 1172 longe
305 1121 389 1160 dissidet
404 1119 520 1161 OVIDIVS
536 1121 585 1160 Her.
595 1120 634 1159 IX.
646 1123 682 1160 87:
819 1119 821 1121 ’
873 1113 875 1115 ’

176 1187 205 1228 Ut
220 1188 342 1240 Tegeeus
357 1202 406 1242 aper
421 1190 555 1242 cupressifero
569 1188 694 1241 Erymantho

205 1257 291 1296 Incubet
306 1260 326 1297 et
340 1260 398 1297 vasto
413 1258 502 1309 pondere
516 1258 584 1297 laedat
597 1258 684 1297 humum.

61 1325 122 1371 Quod
134 1338 180 1364 oum
195 1338 263 1364 omnes
280 1326 375 1377 deinceps
390 1318 443 1365 docti
453 1328 483 1373 (ut
493 1326 617 1365 Munoherus
627 1325 682 1378 Hyg.
699 1325 710 1363 l.
721 1325 748 1374 d.)
758 1326 801 1363 tum

62 1392 129 1434 Ouidii
143 1395 263 1447 interpretes
279 1395 390 1448 probarunt
404 1408 476 1434 nomen
492 1394 623 1445 aegaeas,
638 1394 659 1432 id
668 1407 721 1433 unus
731 1392 801 1432 Ruhn-
872 1384 878 1439 ,j¹

60 1463 133 1502 karius
153 1463 204 1501 Diot.
223 1476 242 1515 p.
259 1466 286 1502 60
305 1463 415 1515 patrocinio
435 1476 472 1503 nec
486 1464 557 1503 idoneo
573 1464 594 1501 et
608 1462 649 1501 leui
664 1463 693 1502 ita
700 1452 801 1510 defendit,

60 1534 83 1570 ut
98 1531 201 1582 Tegeeurn
215 1544 286 1583 aprum
301 1533 383 1584 putaret
401 1532 476 1572 dietum
496 1544 508 1571 a
529 1530 609 1582 Tegea,
627 1530 677 1568 urbe
695 1528 801 1578 Arcadiae,

60 1613 122 1653 prope
129 1599 277 1652 Erymanthum
283 1602 372 1639 montem
380 1601 424 1649 sita,
438 1613 500 1652 aquo
512 1612 573 1652 saepe
585 1600 645 1638 etiam
656 1597 801 1649 Erymanthius

62 1680 110 1720 aper
125 1670 227 1707 ucoatur.“
256 1667 298 1707 Nec
313 1668 395 1720 prodest
407 1668 516 1720 quidquam
531 1668 574 1707 eius
588 1667 668 1706 fabulae
680 1666 802 1705 mentionem

60 1735 139 1785 inferri,
159 1735 216 1775 cuius
231 1736 289 1775 testis
304 1738 336 1775 est
352 1735 446 1775 Valerius
460 1735 544 1775 Flaccus
555 1735 570 1775 Ι,
583 1737 634 1775 375:
653 1733 801 1786 „Erymanthei

61 1805 167 1844 sudantem
188 1804 277 1857 pondere
296 1805 379 1844 monstri
399 1804 594 1858 Amphitryoniaden
613 1803 718 1854 Tegeeo
733 1802 801 1842 limine

61 1872 179 1926 Cepheus
194 1872 267 1912 iuria«
296 1872 354 1913 Paus.
370 1873 429 1914 Vlll.
440 1877 464 1923 4,
480 1877 497 1913 6.
527 1872 594 1926 Heyn.
607 1872 698 1925 Apollod.
709 1871 736 1911 Π.
749 1867 807 1920 7,ss

60 1955 78 1994 p,
95 1943 143 1981 457.
174 1940 238 1981 Stura.
257 1941 354 1982 Hellauio.
374 1944 438 1995 p158.
459 1941 550 1982 ‘Etenim
570 1942 610 1981 iam
628 1940 716 1980 dilucere
737 1940 802 1992 eoepit

59 2011 114 2051 fraus
133 2010 260 2050 librariorum
278 2024 315 2064 per
333 2011 354 2050 id
375 2011 446 2051 uitium
465 2011 578 2064 lapsorum,
598 2010 623 2049 de
644 2023 682 2062 quo
703 2008 801 2061 quaedam

59 2136 111 2166 tatem
124 2133 156 2164 hoe
169 2133 252 2164 sueoiurit
264 2134 345 2165 resarcire
357 2134 483 2175 supplemento:
497 2134 516 2167 ἓν
528 2152 550 2156 -
561 2129 673 2179 Ἐρυμάνθῳ
686 2129 801 2178 θηρεύεται

56 2188 150 2236 Ἄρτεμις·
165 2186 340 2235 κατέρχεται-οὗν
356 2192 386 2231 τῆς
399 2193 503 2235 Λαμπείας
515 2189 525 2222 ὁ
537 2188 662 2235 Ἐρύμανθος
679 2189 745 2220 videtur
757 2188 801 2219 enim

60 2246 150 2288 litterar,
168 2255 200 2287 qua
217 2247 233 2278 et
249 2245 323 2293 syllabae
336 2244 382 2289 τήν.
396 2250 433 2289 τῆς
449 2247 544 2291 (utramque
556 2246 601 2279 enim
613 2245 695 2288 praebent
706 2245 801 2278 Pausaniae
815 2238 816 2243 ¹

60 2302 133 2345 oodioes)
151 2305 168 2334 et
184 2314 221 2334 ται
238 2302 293 2345 (Bast.
311 2302 375 2336 Corum.
394 2303 430 2336 Pal.
447 2315 464 2347 p.
475 2305 515 2347 808)
533 2303 590 2336 notari
605 2301 665 2334 solitae
679 2304 727 2344 sunt,
746 2301 801 2334 verbis

60 2363 128 2406 θηρευε
145 2363 162 2391 et
179 2369 254 2404 κιιτερχε
266 2360 383 2402 superscripta
399 2360 462 2392 factum
478 2371 522 2402 esse,
539 2363 558 2392 ut
573 2359 640 2391 librarii
651 2359 731 2400 ambigua
745 2359 801 2401 speeie

61 2415 128 2457 decepti
144 2418 255 2458 properarent
273 2417 361 2449 scribendo
373 2419 415 2450 hoo:
432 2416 534 2463 θηρευτὴς
545 2415 588 2455 οὗν,
605 2427 642 2448 uum
654 2416 745 2450 seruandus
758 2418 802 2447 esset

60 2473 155 2505 hietenor:
173 2470 287 2518 θηρεύεται
301 2472 386 2520 Ἄρτεμις
400 2474 509 2521 [τερπομένη
526 2471 615 2521 κάπροισι
634 2475 664 2505 καὶ
681 2470 746 2518 ὠκείης
759 2469 800 2505 ἐλά·
869 2472 873 2480 “

60 2528 140 2574 (ροισιν]Ι
164 2530 300 2576 Κατέρχεῑιιι
316 2529 353 2568 orlaa
378 2531 409 2564 Cui
425 2532 493 2573 incepto
510 2530 554 2564 nihil
570 2530 634 2572 obstat,
651 2529 696 2573 quod
709 2530 729 2561 ab
743 2527 801 2560 eodem

61 2586 147 2619 Pausania
158 2585 209 2628 paulo
223 2586 293 2619 inferius
308 2588 383 2630 positum
396 2589 489 2622 invenimus
501 2589 543 2620 hoo:
560 2589 631 2632 λέγεται
644 2585 665 2619 δὲ
678 2584 701 2623 ὠς
712 2585 801 2631 Ἡρακλῆς

61 2640 229 2687 -θηράσειεν
247 2636 279 2684 ἶνις·
291 2655 346 2684 „nam
364 2647 424 2692 θηρᾴν
437 2649 453 2678 et
470 2643 557 2689 θηρεύειν
573 2645 618 2686 apud
630 2643 698 2675 eosdem
711 2643 801 2682 scriptores

61 2701 156 2744 promiscue
168 2700 239 2741 reperiri
245 2702 255 2718 “
269 2698 424 2736 docuit'iaeobsius
436 2703 502 2736 Aeliau.
515 2702 537 2734 N.
546 2703 567 2736 A.
576 2702 606 2734 IX*
615 2706 632 2733 8,
646 2711 664 2742 p.
674 2702 713 2731 307.
780 2737 783 2741 ⁴
