1780 2885
405 110 461 152 Caput
467 109 495 143 ss.

437 212 459 260 4.

145 296 170 335 In
185 297 255 336 eodem
270 309 352 335 numero
367 299 427 348 atque
442 296 536 349 Tityum‚
556 295 621 347 Sinin,
638 296 741 338 Soironem
751 294 823 349 (Σκεί-

79 380 120 419 ρων
143 360 209 417 ὄνομα
230 364 308 420 λῃστοῦ
329 363 410 420 πολλῆς
430 367 518 420 φθορᾶς
539 363 646 420 γεγονότος
664 361 734 407 αἰτίον
754 367 822 420 Etym.

79 435 147 486 Magn.
170 449 189 488 p.
205 438 257 485 716,
272 437 319 486 it),
344 436 432 475 habitam
454 449 466 474 a
490 436 609 489 quibusdam
630 436 691 476 fuisse
713 436 822 477 Phaeem

79 507 149 544 auotor
164 507 196 544 est
206 505 324 544 Plutarchus
339 504 397 544 Thes.
407 504 446 544 IX.
458 507 481 545 2:
501 500 570 546 Ἔνιοι
585 503 609 547 de'
619 518 673 561 φασι
684 502 721 562 τὴν
733 506 821 547 oeteo

79 569 213 629 λῃστρίδα
233 570 335 626 γενέσθαι
354 574 442 626 γυναῖκα
462 572 579 630 φονικὴν
593 572 631 615 καὶ
646 569 774 626 ἀκόλαστον,
793 599 821 604 -

80 643 117 683 σῦν
136 640 160 683 δὲ
178 639 370 694 ἐπονομασθεῖσαν
390 639 427 683 διὰ
451 639 476 683 τὸ
499 636 555 699 ἦθος
571 641 607 684 καὶ
627 641 664 684 σὸν
682 639 742 698 βίον,
767 648 822 685 reete

80 713 133 752 enim
151 712 211 752 seribi
230 713 312 762 (Βοῖον,
332 725 372 752 non
391 713 440 752 item
462 708 549 752 (Doidv
563 712 680 754 Siebetisius
697 714 718 753 in
736 714 821 754 Pausan.

80 781 106 822 H.
123 786 146 831 1,
167 785 185 822 3.
201 795 220 835 p.
237 784 277 822 163
296 783 317 820 et
330 781 444 821 Meinekius
459 782 479 820 in
496 781 564 834 Steph.
581 782 630 835 Byr.
651 796 670 835 p.
687 785 740 833 207,
760 785 820 824 ido-

80 853 170 900 ouerunt,
190 863 310 904 quamquam
326 848 384 890 (βαιά
400 851 466 890 estin
481 851 557 891 Aneod.
574 850 637 892 Oxou.
652 851 668 892 I.
684 866 702 905 p.
719 855 772 902 181,
787 856 820 893 21.

79 920 124 967 Quo
140 920 161 960 in
177 932 252 971 genere
268 919 328 959 etiam
342 921 360 958 is
375 921 461 971 errarit,
477 921 511 973 qui
525 920 615 960 Lexidiis
629 922 761 975 ieetisnuper
771 923 820 962 Πα-

77 988 206 1042 λικσμννεῖ,
230 1001 289 1040 quam
304 983 459 1040 Πολινιλμπει
474 989 534 1028 seribi
548 990 620 1029 maluit
638 991 696 1040 (cons.
713 1003 755 1043 eap.
764 990 781 1031 Ι.
792 993 820 1042 5),

79 1059 137 1112 quasi
154 1060 266 1110 contempto
286 1071 332 1097 oum
350 1058 435 1097 aliorum
455 1060 499 1097 tum
514 1055 575 1097 Gellii
588 1058 658 1098 XVII.
673 1063 685 1099 3
703 1063 820 1112 praecepto:

78 1140 154 1178 „voees
169 1126 293 1175 huiusmodi,
308 1139 369 1178 qumn
385 1140 412 1165 ex
426 1127 526 1165 oommuni
541 1127 687 1178 significatione
701 1129 722 1167 in
737 1128 767 1167 rei
777 1141 819 1167 oer-

77 1199 110 1237 tae
125 1197 270 1250 proprietatem
285 1196 405 1244 concedunt,
421 1196 539 1235 diuersitate
550 1199 667 1236 aeoentuum
678 1210 764 1249 separari
802 1198 820 1246 “‚

77 1267 109 1306 oui
127 1267 251 1318 obsequutus
273 1266 305 1303 est
324 1265 434 1317 Berglerus
459 1265 479 1303 in
499 1265 658 1318 aruphites
677 1280 696 1319 p.
708 1269 754 1306 220.
774 1267 819 1306 add.

76 1335 164 1374 Meinek.
183 1334 238 1374 Com.
262 1333 332 1374 Graec.
359 1333 404 1373 Vol.
420 1333 445 1373 V.
463 1333 485 1372 P.
495 1334 511 1373 I.
538 1334 590 1373 Aoo.
605 1337 646 1387 p.5
663 1349 692 1387 sq.
715 1337 755 1375 iam
774 1349 819 1374 oon-

77 1405 177 1444 senserint
191 1403 243 1443 dooti
257 1397 398 1457 Πολονεικής,
413 1406 437 1442 ut
450 1403 487 1441 hoo
497 1405 543 1442 utar
554 1404 646 1456 exemplo
652 1435 658 1453 ,
673 1405 741 1444 verius
754 1405 818 1455 soribi,

76 1486 136 1527 quam
150 1467 284 1527 Πολυνείκης,
321 1470 416 1510 Ceterum
436 1485 497 1524 quum
517 1471 658 1524 Gromyoniam
673 1487 730 1513 suem
743 1487 817 1513 memo-

74 1544 151 1582 raverit
169 1543 251 1594 praeter
269 1541 330 1590 auos,
350 1554 399 1593 quos
420 1545 508 1593 supra2
529 1542 686 1592 nominavimus,
706 1543 817 1583 Pausanias

73 1612 90 1652 Ι,
107 1616 146 1661 97,
162 1616 185 1663 9,
209 1625 299 1663 aprum
319 1610 461 1664 Cromyonium
482 1612 593 1651 attulerunt
612 1612 708 1665 Hyginus
728 1614 816 1653 fobea:

72 1696 171 1735 „aprum
197 1682 229 1734 qui
246 1681 284 1720 fuit
305 1680 429 1733 Oromyone,
449 1682 564 1721 irrtert'eoit“
585 1683 615 1731 et,
641 1685 665 1722 ut
682 1683 815 1722 obtinebimus

73 1766 115 1806 oap.
125 1752 164 1792 HI.
176 1755 200 1800 3,
214 1751 332 1790 Lactantius
346 1751 405 1791 Narr.
420 1750 468 1790 Fau.
479 1750 526 1791 VH.
538 1754 572 1791 24.
588 1765 607 1803 p.
619 1753 673 1801 840,
690 1753 722 1791 om'
736 1753 766 1791 rei
776 1766 816 1792 non

71 1822 168 1871 intendit,
188 1822 222 1872 qui
242 1821 345 1870 „similem
363 1821 477 1859 dissensum
496 1823 600 1860 auctorum
617 1823 710 1860 veterum
728 1822 749 1861 in
763 1821 815 1861 Her·

73 1893 122 1932 eutis
140 1891 259 1931 laboribus“
279 1890 382 1930 adnotavit
395 1890 572 1930 Drakenborohius
590 1892 611 1929 iu
627 1890 660 1930 su.
670 1890 721 1932 rer.
731 1891 770 1931 HI.
782 1895 815 1932 39.

71 1976 90 2014 p.
103 1963 149 2001 128.
164 1961 214 2000 oonf.
225 1959 333 1999 Burmann.
344 1960 365 1998 iu
375 1960 444 2000 Vater.
454 1959 562 1999 FiaoeVI.
571 1962 619 2000 347.
633 1973 651 2012 p.
660 1962 707 2000 532.
724 1960 814 2001 Huschk.

71 2031 92 2070 in
114 2030 184 2070 Tibnit.
198 2028 237 2068 HL
254 2033 278 2078 4,
294 2032 326 2069 67.
345 2043 364 2081 p.
380 2031 428 2069 482.
457 2028 540 2081 Hygino
559 2030 627 2068 autem
646 2042 707 2080 quum
724 2031 757 2070 atii
772 2036 814 2070 tum

70 2099 166 2140 Heinsius
186 2101 206 2138 et
225 2098 353 2137 Burmannus
375 2112 394 2151 p.
405 2101 445 2138 501
462 2100 541 2138 tantum
558 2098 680 2151 tribuerunt,
700 2102 723 2139 ut
743 2113 814 2139 suem

71 2168 255 2222 Gromyonium
273 2168 301 2207 sio
319 2168 408 2219 loquuti,
426 2171 450 2208 ut
465 2167 542 2208 Seneca
561 2167 725 2207 Maenalium
743 2182 814 2208 suem
870 2215 873 2220 .

69 2238 129 2278 Hero.
150 2238 198 2277 Fur.
210 2239 257 2285 222,
275 2249 338 2289 prave
353 2236 535 2289 interpretarentur
550 2236 618 2277 Ouidii
631 2237 694 2276 verba
707 2236 756 2277 uer.
767 2237 814 2278 VH.

70 2310 122 2349 435:
137 2308 255 2359 „Quodque
276 2306 334 2345 suis
349 2319 432 2346 seeurus
446 2310 490 2347 arat
505 2306 620 2360 Cromyona
633 2306 732 2345 colonus“
748 2309 813 2360 (ouius

68 2397 241 2405 ’,ὴ-*-

69 2438 91 2469 ab
102 2438 118 2469 J.
130 2437 150 2469 G.
162 2437 263 2469 Sehneidero
276 2436 356 2468 omissum
369 2437 444 2480 queritur
456 2440 515 2469 aneto:
529 2436 632 2479 quaestionis
645 2435 664 2468 de
673 2437 746 2470 Aemilio
754 2438 813 2471 Macro

70 2497 139 2537 p.lss‘*'‚
152 2495 170 2526 id
182 2495 225 2526 male
237 2494 316 2526 narravit.
340 2494 402 2535 Liquet
416 2495 460 2526 enim
476 2505 506 2526 nos
523 2494 559 2526 his.-
578 2493 656 2534 „Suidas
669 2506 683 2527 v.
694 2495 812 2543 Νίκανδροςε

70 2552 141 2599 ἔγραψε
148 2571 155 2576 -
162 2548 254 2598 Γεωργικλ
267 2551 316 2595 (conf.
326 2552 404 2584 Erotien.
418 2562 435 2593 p.
444 2555 477 2584 392
492 2551 550 2584 omiss.
563 2562 573 2583 a
583 2550 684 2594 Schneid.)“
698 2562 733 2584 non
740 2553 812 2594 Georgi-

67 2620 126 2642 corum
134 2609 182 2641 issum
191 2619 257 2640 versum
266 2609 292 2651 (de
301 2619 333 2651 quo
340 2609 411 2641 Foesius
424 2619 451 2651 ap.
459 2609 519 2641 Franz.
528 2608 546 2641 in
555 2609 633 2641 Erotion.
642 2608 653 2641 λ.
662 2609 677 2641 d.
688 2608 769 2641 indicium
776 2609 812 2640 edi-

68 2667 121 2705 derat]
133 2667 211 2709 loqnntos
223 2676 269 2708 esse,
282 2666 311 2698 sed
319 2668 351 2698 hoo
358 2666 444 2699 docuisse:
456 2667 494 2708 ipsa
505 2666 589 2708 Georgica
597 2666 617 2698 ab
625 2666 709 2698 Erotieno
719 2668 813 2697 contestata

68 2734 109 2756 esse.
121 2724 180 2766 Ipsum
189 2723 255 2765 quidem
263 2724 385 2764 Georgicorum
393 2734 459 2756 versum
467 2724 491 2756 sio
499 2723 605 2755 intercidisse
613 2722 720 2764 putabamus,
728 2724 747 2753 ut
754 2733 811 2754 mane-

65 2785 94 2816 ret
102 2792 160 2815 versus
167 2781 288 2815 Thoriaoorum
296 2780 334 2813 ille:
344 2779 475 2827 yeroodpo'nor.
494 2781 540 2818 Quae
549 2780 606 2814 eedem
613 2779 695 2811 sententia
701 2781 727 2811 est
733 2779 816 2813 Neuekii..
