1780 2885
424 82 480 123 Cnput
493 82 523 115 IV.
561 76 564 79 .

412 261 470 320 Gap.
492 260 536 307 Iv.

168 450 214 489 Iam
233 463 297 503 panea
313 453 449 504 perstringam
469 454 494 492 de
510 453 608 506 scriptore
623 453 742 498 AETNAE.
772 454 843 507 Aquo

100 532 120 558 u.
132 521 157 558 81
174 519 248 559 Sinin
261 520 385 560 nominatrnn
400 534 456 561 esse:

348 589 501 643 Sollicitantque
516 590 589 630 Sinin

101 660 182 708 praeter
199 670 244 705 eos,
264 670 314 708 qnos
337 660 498 699 commemoravit
513 659 664 699 Werusdorlius
680 674 698 712 p.
711 662 762 709 105,
782 661 844 699 oredi-

101 725 174 764 derunt
192 724 287 764 Barthius
303 717 332 754 ζ-
346 739 393 766 nam
412 728 537 767 commemini
554 751 580 756 -
600 730 621 766 et
635 728 732 767 Heinsius
749 729 770 767 in
786 727 843 768 Ouid.

100 793 149 833 Her.
160 793 187 832 II.
199 796 231 833 00.
251 807 269 846 p.
281 797 319 843 21,
340 796 427 847 positum
446 809 491 837 esse
509 796 540 844 id,
559 809 598 848 quo
613 797 678 846 „nihil
693 797 766 836 elarius
782 800 844 836 esse“

99 863 187 913 primus,
202 862 223 901 id
237 863 289 914 quod
301 863 372 902 fefellit
385 863 487 903 Handinm
497 865 518 903 iu
527 863 590 904 Diatr.
602 863 651 906 suu
663 863 750 905 Gronov.
766 879 784 918 p.
796 870 843 906 211.

100 930 121 973 Τ,
132 930 160 980 Ι,,
179 931 284 982 perspexit
300 931 399 983 Scaliger:
421 932 573 984 Sollioitantque
592 934 648 984 siti,
669 933 758 973 deelarat
776 938 843 974 eneto-

98 999 149 1038 ritas
173 999 262 1039 eodioum
281 999 449 1040 Helmstadiensis
473 1003 493 1041 et
512 1001 649 1052 Rehdigerani
668 1004 712 1041 rata
731 1002 799 1041 habita
818 1004 843 1042 ab

99 1068 238 1108 Wernsdorfio
260 1069 281 1107 et
296 1068 369 1108 Iacobo
387 1084 405 1122 p.
418 1073 458 1109 102
479 1070 536 1121 (oeni.
550 1070 651 1115 Plutarch.
668 1069 727 1109 Thes.
737 1069 842 1109 >inrue

56 1133 58 1136 ’
98 1133 200 1177 §laisan
224 1136 300 1176 Bodlei.
312 1141 330 1175 1.
342 1141 360 1176 2.
376 1134 473 1188 Eirtu).
509 1138 550 1183 uui
569 1139 649 1189 quidem
668 1139 721 1189 qnod
736 1139 762 1177 att
776 1138 843 1191 dispu-

98 1205 179 1244 tationis
196 1217 295 1244 suminam
314 1205 413 1257 reliquum
427 1208 530 1257 seuerum,
550 1207 570 1245 id
583 1206 623 1258 ipsi
636 1207 665 1245 sie
676 1206 698 1244 iu
711 1207 769 1245 Anal.
784 1207 842 1259 Prop.

99 1286 140 1326 eap.
151 1273 189 1312 XI.
205 1288 223 1326 p.
236 1276 262 1312 72
279 1274 336 1323 (eous.
352 1275 411 1313 huius
426 1275 489 1314 libelli
503 1288 545 1327 cap.
558 1274 614 1314 VIII.
627 1276 647 1325 2)
664 1275 799 1327 explevimus,
819 1277 842 1314 ut

99 1342 154 1380 'llum
169 1343 236 1381 looum
250 1343 433 1382 demonstraremus
449 1343 558 1394 antiquitus
574 1343 602 1382 sie
619 1343 713 1395 seriptum
730 1343 802 1382 fnisse:

199 1409 311 1449 Sollicitant
326 1411 378 1450 malo
393 1414 414 1450 te
431 1412 539 1461 siceum,
556 1411 650 1460 Tantale,
664 1411 743 1462 plena

197 1479 348 1530 Sollicitantque
363 1479 402 1518 siti.

97 1545 150 1586 Nam
165 1560 221 1597 eum,
241 1547 275 1599 qui
293 1548 346 1586 fame
360 1547 453 1587 laborans
466 1547 531 1599 pomis
545 1560 584 1586 nou
600 1548 715 1599 perfruatur
730 1546 840 1598 (tlytlrogr.

97 1613 113 1653 I.
125 1618 157 1654 12.
173 1629 191 1667 p.
203 1618 221 1666 4,
233 1618 266 1655 20.
285 1615 313 1655 Π,
325 1618 371 1655 102.
388 1630 406 1668 p.
418 1618 465 1664 100,
477 1618 522 1666 27),
542 1628 581 1655 non
597 1615 663 1654 minus
678 1617 732 1654 reete
744 1616 841 1654 siecum

98 1683 137 1722 diei
151 1683 281 1735 intelligitur,
297 1697 356 1736 quani
371 1685 454 1723 sioeas
470 1684 561 1736 luporum
577 1684 668 1729 fauces,
681 1697 693 1723 a
707 1684 788 1723 Luoano
802 1685 840 1723 hoo

96 1751 140 1790 loeo
154 1751 190 1791 VI.
202 1753 253 1792 553:
273 1765 407 1804 „morsusque
422 1753 515 1804 luporum
529 1751 642 1803 Euspeotat
657 1752 738 1791 sieeis
757 1755 840 1804 raptura

97 1820 248 1859 eiauoibus
270 1821 373 1868 artus“;
394 1821 429 1859 nbi
448 1818 512 1859 Sehol.
528 1819 588 1859 Voss.
602 1833 621 1871 p.
632 1822 685 1859 470:
703 1821 840 1868 „esurien—

97 1889 138 1926 tes
153 1888 230 1926 addidit
244 1889 320 1940 lupos“.
350 1887 427 1927 Berol:
442 1878 638 1936 „esurientibus
653 1888 773 1926 faueibus
788 1888 839 1927 fera-

96 1956 164 1995 rum‘t
195 1955 244 1995 sur.
260 1956 320 1995 Theb.
331 1956 347 1995 I.
359 1959 411 1996 026:
435 1954 533 2008 „Oraque
553 1957 621 1995 sieoa
636 1956 703 1995 ferunt
716 1955 840 2007 trepidorum

96 2025 185 2064 inhiasse
197 2026 311 2078 lupornnr‘2
331 2037 382 2077 quae
397 2024 426 2063 sio
440 2025 585 2076 interpretatur
600 2023 673 2064 Glossa
687 2039 705 2076 p.
717 2027 768 2063 202:
789 2036 840 2074 „ora

96 2093 189 2132 ieiuna
201 2094 268 2133 serunt
281 2093 372 2133 homines
386 2093 474 2132 inhiasse
489 2094 573 2146 propter
589 2093 680 2132 famem
700 2094 723 2131 et
738 2104 786 2130 non
799 2104 839 2130 eo-

96 2163 232 2201 medisse‘t
258 2162 281 2201 ot
295 2161 348 2202 Cort.
367 2162 387 2201 in
398 2161 472 2201 Lucan.
485 2162 527 2201 ld.
542 2176 560 2214 p.
573 2164 599 2201 95
616 2163 636 2201 et
648 2161 685 2201 IV.
698 2164 746 2201 239.
761 2174 779 2213 p.
791 2162 838 2200 464.

96 2230 230 2284 Hauereamp.
245 2231 265 2270 in
282 2230 397 2270 Tertullian.
408 2230 466 2283 Apol.
477 2232 510 2269 40.
529 2244 547 2282 p.
559 2233 606 2270 350.
636 2229 681 2269 seu.
693 2230 775 2282 Thyest.
788 2232 839 2269 137:

96 2300 182 2351 „Siooi
197 2299 304 2351 progenies
317 2298 378 2351 impia
393 2298 517 2338 Tantali“.
543 2299 565 2338 of.
576 2298 658 2337 Lueian.
668 2298 725 2337 Iuot.
741 2293 789 2338 8:15
799 2295 838 2349 μὲν

96 2366 137 2423 γὰρ
150 2364 257 2415 Τάνταλος
271 2361 375 2421 {ruferius}
390 2366 417 2421 τῇ
432 2362 494 2421 λίμνῃ
508 2359 571 2415 αὖος
582 2362 661 2421 ἕστηκε,
682 2365 749 2405 Malus
762 2367 839 2418 plena

97 2439 165 2477 autem
179 2436 216 2488 sio,
236 2437 259 2475 ut
273 2435 327 2488 apud
343 2435 428 2475 eundern
443 2434 540 2475 Senecam
554 2435 638 2487 Thyest.
655 2437 692 2474 00:
711 2435 839 2487 „Labrisque

97 2508 121 2546 ab
136 2505 186 2557 ipsis
202 2505 304 2544 arboris
320 2505 413 2556 plenae
428 2504 487 2555 fugas
493 2505 509 2543 “.
538 2503 604 2542 Huius
615 2505 683 2543 autem
693 2503 838 2543 emendationis

96 2574 177 2614 minime
197 2586 233 2612 nos
253 2573 360 2625 poenituit,
380 2575 486 2624 postquam
507 2572 634 2611 Laehmanno
654 2574 674 2611 et
688 2571 777 2624 Hauptio
795 2572 838 2610 Iud.

96 2643 215 2682 Lectionum
234 2641 320 2681 Berolin.
339 2640 417 2680 Aestiu.
437 2639 584 2681 nlDOOOLIV.
609 2654 627 2693 p.
644 2643 656 2679 7
682 2641 719 2679 hoo
738 2638 838 2692 placuisse

96 2712 223 2752 rescivimus:
250 2708 379 2760 „Sollicitari
402 2710 443 2748 illi
467 2711 487 2749 te
506 2710 591 2758 eiroum,
618 2709 713 2756 Tantalo,
738 2709 838 2759 pomo“;
