1780 2885
124 76 177 139 190<
447 84 502 127 Caput
514 84 546 119 IX.
609 126 611 129 Ι

121 188 159 228 M
172 178 207 238 69,
220 192 256 228 10:
277 188 388 237 „Quantus
408 191 462 239 erat,
485 189 610 240 Calydon,
631 191 678 239 aut,
693 190 865 243 Erymanthe‚

122 261 186 297 ταυτα(
207 259 228 297 et
245 257 321 297 Rutilio
341 257 366 298 lt.
382 258 397 297 l.
414 261 464 298 627:
486 258 569 308 „Quem
589 258 737 310 lleleagrei
755 264 865 300 vereantur

122 326 176 365 adire
186 327 266 375 lacerti,
282 326 323 372 Qui
333 327 389 366 laxet
399 327 461 367 nodos
472 326 628 379 Amphitryo
635 327 711 368 uiada
719 330 746 366 e“
762 329 785 368 of.
797 329 864 368 llaler.

121 394 186 435 Flaoe.
193 395 209 434 Ι,
216 399 268 436 435ε
279 397 423 448 „spatiumque
434 397 516 448 superbi
522 395 611 435 Pectoris
621 396 762 436 Herculeis
773 409 866 450 aequum,

122 463 266 515 Meleagre,
286 465 389 504 laoertis.⁴‘
424 464 497 515 ltaque
516 465 557 504 iam
573 465 623 504 haee
639 464 720 504 ridetur
733 466 865 517 ingredienda

122 532 157 572 via
175 547 235 583 esse,
251 536 274 572 ut
292 534 502 584 Erymantheum
521 536 661 574 monstrum
677 534 752 585 (Valer.
767 526 833 575 Flaeo.
849 534 864 575 I.

123 604 174 654 374)
193 616 229 655 pro
250 616 297 654 apro
317 602 388 641 eadem
408 602 486 642 ratione
505 603 594 655 positum
611 616 657 642 esse
675 604 787 643 statuamus
803 606 864 655 atque

123 684 160 724 pro
171 684 246 723 quercu
261 669 400 711 Chaonium
414 684 503 711 nemus
516 683 528 710 a
544 670 608 711 Statio
620 671 656 711 VI.
668 674 695 712 99
707 672 770 723 (Laet.
781 686 799 725 p.
811 675 864 713 202:

122 741 222 789 „arbores
248 739 305 789 dicit,
331 752 382 791 quae
402 739 489 779 maxime
506 740 609 780 abundant
627 740 648 779 iu
672 754 695 780 eo
720 754 801 781 nemore
820 741 865 781 Iovi

122 810 229 858 sacrato“)
245 811 266 848 et
279 808 361 849 Lucano
372 808 410 848 ΠΙ.
422 811 475 848 441;
495 800 712 861 „uodosaimpellitur
722 810 763 849 ilex
778 808 865 849 Silva-

123 890 162 928 que
177 877 315 917 Dodones“
336 876 408 927 (Sohol
432 891 450 930 p.
462 880 514 918 229:
533 890 636 929 „quercus
651 878 708 928 dicit,
727 891 777 930 quas
796 891 864 918 oense-

123 949 188 986 cratas
208 946 278 986 habuit
298 946 376 999 Iupiter
394 946 540 996 Dodonaeus“)
563 946 586 986 of.
607 946 661 987 Uort.
682 961 700 1000 p.
716 949 763 987 382.
797 947 864 987 Iacob.

124 1014 216 1061 Quaestt.
231 1015 286 1068 Epic.
301 1015 339 1055 ΠΙ.
351 1018 368 1056 5.
384 1028 402 1067 p.
415 1018 456 1055 197
472 1028 511 1067 sp,
527 1028 566 1066 qua
580 1015 658 1055 ratione
673 1016 699 1055 ad
714 1016 864 1056 monstrandam

122 1084 256 1135 „immensam
276 1085 410 1123 membrorum
432 1083 520 1123 molem“
542 1083 664 1135 (Nemesian.
678 1085 690 1123 l.
702 1084 720 1123 d.
734 1084 793 1124 Paus.
805 1083 863 1124 VIH.

123 1155 163 1203 24,
179 1156 191 1192 2
210 1144 234 1192 ὗν
252 1149 343 1205 μεγέθει
362 1148 400 1192 καὶ
419 1147 473 1207 ἀλκῇ
491 1148 540 1200 τοὺς
559 1147 636 1201 ἄλλους
650 1147 792 1208 ὑπερηρκότα)
815 1153 865 1193 nihil

123 1222 189 1274 aptius
205 1221 255 1273 fingi
268 1221 334 1273 potuit
347 1223 371 1261 ab
386 1220 491 1260 Athenaeo
502 1221 538 1259 IV.
553 1235 572 1273 p.
585 1220 654 1260 130.B
671 1223 691 1260 et
707 1220 764 1260 Eust.
779 1219 816 1261 od.
828 1221 863 1261 Vr.

123 1293 170 1330 103.
191 1303 209 1343 p.
231 1291 296 1340 1554,
315 1292 351 1329 15:
382 1286 537 1341 θαυμαζόντων
558 1284 577 1329 d³
601 1285 660 1345 ἡμῶν
687 1287 725 1344 τὴν
747 1285 864 1340 τεχνιτείαν

120 1355 299 1413 Ἐρυμάνθιοι
318 1360 349 1411 τῷ
370 1353 415 1398 ὄντι
436 1355 523 1412 σύαγροι
544 1354 599 1397 κατά
613 1353 715 1397 ττινάκων
728 1352 863 1411 τετραγώνων

121 1423 279 1482 χρυσομίτρων
292 1416 387 1480 σιγάναις
412 1422 513 1481 ἀργυραῖς
533 1422 741 1480 διαπεπερονημένοι
761 1422 864 1481 περιεφέ-

123 1509 183 1551 ροντο
197 1491 279 1550 ἑκάστῳ
294 1498 330 1535 aut
345 1508 357 1535 a
371 1495 466 1535 Martiale
480 1496 505 1535 V.
517 1497 554 1545 65,
566 1498 602 1534 10:
621 1495 691 1546 „Quot
708 1498 743 1535 tua
758 1495 864 1534 Maena-

121 1565 173 1604 lios
193 1565 277 1604 collocat
294 1566 353 1604 hasta
368 1565 458 1603 sues?“
488 1564 548 1610 Quod
564 1565 668 1603 consilium
682 1564 699 1603 si
716 1565 760 1616 quis
775 1577 864 1617 compro-

121 1634 209 1683 barerit7
224 1635 242 1673 ei
258 1633 383 1672 commodum
395 1634 434 1686 erit
448 1645 491 1671 rem
502 1646 514 1672 a
524 1632 601 1672 Seneca
611 1634 744 1672 contestatam
753 1632 814 1685 Hipp.
825 1635 864 1672 27:

122 1701 162 1753 „Si
178 1715 235 1755 quem
250 1702 317 1754 tangit
331 1702 396 1753 gloria
406 1703 479 1751 silvae,
494 1701 560 1741 Vocat
570 1702 623 1741 huno
638 1701 757 1753 Phlyens.
773 1702 805 1740 hio
819 1714 864 1740 ver-

123 1773 179 1810 satur
193 1771 262 1811 Metus
279 1770 372 1822 agricolis
391 1771 504 1810 vulnere
522 1771 604 1809 multo
623 1770 675 1809 Iam
689 1773 770 1809 notus
785 1765 864 1823 aper“

122 1842 213 1880 conferre
230 1840 319 1879 iuliane
340 1840 509 1879 emendationem:
534 1839 622 1888 „Qualis
637 1839 658 1877 iu
679 1862 708 1867 -
725 1839 864 1891 Erymantheo

122 1910 197 1963 Phlyes
217 1909 256 1948 fuit
271 1908 339 1948 Attica
352 1910 441 1948 monstro
448 1911 459 1929 ‘³
476 1909 497 1947 id
512 1910 544 1947 est
559 1908 623 1960 qualis
638 1909 659 1947 in
673 1908 772 1961 Phlyes
789 1907 864 1958 (Bergl.

122 1982 143 2018 et
158 1978 231 2030 Wagn.
245 1978 332 2031 Aloiphr.
343 1977 381 2017 ΙΠ.
394 1982 411 2018 3.
426 1992 444 2031 p.
457 1979 488 2016 15.
504 1977 563 2016 Mein.
575 1976 643 2030 Steph.
654 1977 703 2031 Βγτ.
719 1990 738 2030 p.
750 1979 800 2026 668)
815 1990 864 2029 apro

122 2048 160 2088 init
172 2047 249 2096 natica
268 2047 364 2099 Phlyes
380 2060 442 2099 aper
456 2048 509 2086 enim
520 2059 560 2086 non
570 2047 636 2086 minus
646 2050 701 2087 recte
712 2047 790 2096 dicitur,
804 2058 864 2099 quam

123 2116 216 2156 Cretae
245 2123 347 2167 taurus,
379 2116 495 2155 llaenali
518 2116 584 2164 fera,
607 2111 691 2171 Νεμέης
715 2113 769 2171 θήρ,
797 2115 864 2168 qualia

123 2187 216 2239 exempla
230 2186 251 2225 in
265 2186 304 2225 alio
319 2186 362 2225 loco
377 2198 517 2238 proponemus.
546 2185 574 2224 At
588 2198 625 2225 nos
640 2184 750 2237 simplicem
764 2184 864 2236 quandam

122 2259 144 2296 et
158 2269 199 2295 non
214 2256 331 2308 apparatam
346 2256 436 2294 contorte
452 2254 562 2294 orationem
576 2254 703 2306 requirimus.
734 2253 802 2299 Quare
817 2254 864 2293 freti

123 2324 211 2364 Senecae
228 2324 241 2363 l.
257 2324 274 2362 d.
296 2323 409 2363 testimonio
434 2337 474 2362 non
495 2312 610 2363 dubitanter
628 2322 712 2362 dicimus
730 2324 755 2362 ab
773 2321 864 2362 Ausonio

123 2395 256 2433 memoratum
272 2392 335 2431 fuisse
351 2406 433 2445 aprum,
448 2393 482 2444 qni
496 2394 576 2442 „multo
592 2393 676 2431 vulnere
690 2394 766 2432 notus“
780 2391 863 2431 llara-

122 2463 214 2502 thonios
235 2462 323 2501 saltus
345 2461 412 2514 (Hipp.
430 2465 464 2510 17)
486 2463 592 2514 lacumque
608 2460 708 2513 (Sohueid.
723 2460 822 2513 Theophr.
838 2459 863 2500 H.

122 2531 150 2571 Pl.
161 2531 199 2570 lX.
213 2534 245 2571 13.
260 2545 279 2583 p.
292 2532 352 2582 785),
373 2533 396 2569 ut
413 2530 511 2571 Arcadius
527 2544 562 2571 sus
577 2527 661 2586 βήσσας
678 2555 702 2559 -
716 2525 863 2585 Ἐρυμάνθιον

122 2595 207 2654 άμμέγα
221 2600 285 2654 τῖφος
299 2600 364 2653 Apoll.
381 2599 445 2640 Rhod.
457 2601 472 2641 I.
485 2603 535 2651 127,
551 2601 597 2640 olim
611 2600 706 2640 infestum
719 2599 821 2639 habuerit:

209 2667 253 2709 Aut
268 2668 440 2709 Marathoueo
455 2671 518 2722 pubes
534 2669 571 2710 fuit
585 2668 653 2710 Attica
668 2670 762 2709 monstro.

121 2740 154 2782 Sic
176 2739 229 2783 enim
250 2738 433 2779 allarathoue
453 2739 518 2779 faeere
532 2738 718 2779 Marathoneum
731 2736 796 2788 licuit7
817 2737 865 2776 uta
