1780 2885
98 82 110 117 2
433 88 489 130 Caput
501 89 515 122 I.

97 190 134 232 καὶ
155 195 193 233 τοῦ
213 191 292 244 δτομοῦ
311 191 358 246 μηδ’
378 187 468 247 ἑτέρωσε
488 187 595 242 εἴκοντος,
624 184 668 232 oill'
685 188 841 247 ἀμφοτέρωθεν
879 181 880 184 ¹

97 256 176 315 ἐπίσης
191 256 320 313 βιαζομένου
336 259 471 300 διεσπᾶτο
486 256 498 300 ὃ
514 256 635 311 δεδεμένος,
657 259 769 302 Scholiasta
784 261 840 300 Pind.

97 330 167 369 Isthm.
182 342 201 381 p.
218 329 270 367 514:
298 324 373 382 δένδρα
397 323 515 380 κάμπτων,
543 321 591 368 εἶτα
616 327 776 381 σννδεομῶν
801 324 840 377 εἷς

98 398 183 436 τοῦτο
204 393 253 444 τοὺς
272 390 392 450 παριόντος
406 389 494 450 ἀθρόως
507 389 580 450 ἀφιεὶς
593 393 620 435 aot
634 394 710 451 δένδρα
725 393 780 438 otto
794 394 839 437 διέ-

99 465 189 519 φθειρεν
206 465 263 514 (conf.
279 463 372 503 Arrhian.
387 465 452 517 Epict.
467 464 505 503 III.
522 468 559 503 26:
575 460 671 514 ἐκτείνας
686 461 760 507 ἑαυτὸν
776 460 805 513 ὡς
818 460 838 504 oi

98 528 260 586 ἕοτοορῳμένοι.
284 531 342 571 Reiff.
353 533 373 571 in
383 532 504 572 Artemidor.
519 532 534 571 I.
547 535 578 571 76.
591 546 610 584 p.
622 536 669 573 286.
685 536 705 573 et
720 548 770 586 quos
784 534 839 572 locos

97 601 150 640 infra
161 605 178 641 3.
190 615 209 653 p.
218 604 242 639 11
255 601 281 638 de
291 600 432 639 Andromedae
442 600 528 639 vinculis
542 600 666 651 afferemus:
682 615 721 652 quo
730 603 770 641 iarn
779 604 838 654 pacto

98 670 146 708 ferri
166 669 285 721 defendique
305 681 365 721 posse
386 669 441 707 dices
462 671 497 707 aut
516 669 580 707 verba
595 670 717 708 arboreas
733 682 803 709 cruces
818 673 839 709 et

97 739 191 776 carratas
212 738 300 775 trabes
321 736 355 774 illa
376 749 402 775 ne
422 749 446 775 eo
465 736 544 788 quidem
559 736 672 790 discrimine
688 739 800 790 temperata
815 749 839 776 ac

97 805 201 854 distincta,
216 805 268 856 quod
284 804 384 843 cernimus
399 805 453 857 apud
464 804 560 845 Senecam
571 804 730 857 Hipp0121223:
745 805 838 854 „Pinus

98 876 165 911 coacto
183 872 260 911 vertice
280 873 382 923 attingens
396 874 480 912 humum
495 872 555 912 Coelo
570 874 676 912 remissum
691 873 754 912 findat
767 874 788 914 in
803 887 838 923 ge-

97 941 161 979 minas
180 941 286 979 trabes“
298 927 341 991 ide
355 954 394 991 quo
410 933 490 991 quidem
504 942 547 980 loco
561 953 680 991 quaeremus
694 941 715 979 in
729 953 772 992 cap.
785 940 838 990 Ha),

97 1010 133 1047 aut
151 1022 194 1047 rem
212 1021 252 1047 non
271 1009 329 1047 niodo
346 1020 495 1060 supervacanea
510 1013 570 1060 atque
585 998 651 1047 inutili
664 1021 726 1060 opera
738 1009 760 1047 in
774 1008 838 1048 altero

97 1090 159 1116 versu
179 1076 314 1125 subiunctani,
334 1076 371 1115 sed
388 1079 518 1128 praepostero
533 1076 604 1116 'ordine
619 1077 735 1116 collocatam
749 1100 776 1106 —-
791 1089 838 1115 nam

97 1144 165 1183 trabes
185 1144 248 1195 liquet
268 1146 362 1183 curvatas
384 1145 446 1183 fuisse
461 1158 502 1183 non
516 1145 536 1183 in
552 1144 652 1196 duplicem
666 1157 734 1183 arcum
749 1144 837 1196 (Ooripp.

97 1210 160 1251 Laud.
173 1212 223 1251 Inst.
238 1212 275 1252 IV.
290 1214 328 1252 55:
351 1211 481 1261 „Roboribus
500 1212 559 1252 flexis
579 1215 655 1252 teretes
674 1214 794 1253 curvaverat
808 1226 838 1252 ar-

96 1282 166 1332 cus“),
182 1280 217 1320 sed
232 1281 254 1320 in
268 1282 328 1329 istas,
344 1281 361 1319 si
375 1281 413 1320 diis
429 1281 508 1333 placet,⁴
522 1294 591 1320 cruces
601 1282 643 1324 —-¹?
658 1294 723 1333 quave
737 1283 780 1321 arte
794 1283 838 1320 tue-

96 1349 150 1388 beris
166 1348 250 1388 eandem
264 1349 380 1388 memoriam
393 1349 421 1389 ita
437 1348 558 1401 discerptam
571 1361 714 1401 sparsamque,
733 1351 756 1389 ut
776 1350 838 1389 utriu-

97 1429 135 1469 que
153 1430 179 1457 ex
192 1418 251 1470 parte
264 1417 308 1458 illa:
325 1430 373 1457 uon
387 1417 491 1469 hospita
506 1429 569 1457 saxa
583 1430 682 1470 suspensa
692 1418 780 1458 foediore
789 1431 838 1470 pen-

96 1485 144 1525 deat
158 1490 226 1534 sorte,
248 1498 308 1537 qoam
326 1498 366 1537 qua
384 1486 428 1538 ipse
444 1484 497 1525 Sinis
519 1486 565 1525 olim
579 1497 591 1524 a
605 1485 684 1525 Theseo
704 1486 837 1538 interemptus
859 1491 861 1494 '

97 1567 142 1593 esse
156 1554 231 1603 fertur,
251 1555 447 1606 „arboreasque
467 1567 559 1593 cruces
579 1552 650 1593 Sinis
670 1556 691 1593 et
704 1568 744 1594 non
759 1555 838 1607 hospita

97 1619 164 1662 Graiis
182 1621 237 1662 Saxa
257 1624 277 1662 et
298 1623 392 1661 curuatas
415 1623 440 1661 in
463 1635 508 1661 sua
527 1623 581 1662 fata
601 1622 698 1662 trabes?“
732 1623 776 1662 Nee
794 1624 836 1673 hoe,

95 1691 149 1743 quod
164 1692 265 1743 postremo
280 1691 323 1731 loco
337 1690 450 1740 attulimus,
470 1691 562 1742 quamvis
577 1691 662 1730 eandem
675 1691 779 1742 regionem
794 1705 837 1731 sce

95 1759 171 1798 leribus
186 1758 273 1798 Scironis
288 1762 308 1799 et
322 1758 474 1812 Pityooamptae
487 1760 581 1798 infestam
595 1759 658 1798 fuisse
677 1757 749 1798 Strabo
763 1760 837 1799 scribat

96 1825 172 1876 (Barth.
186 1827 206 1865 in
222 1825 272 1866 Stat.
289 1828 350 1867 Theb.
364 1827 380 1867 Ι.
397 1830 444 1867 333.
459 1841 477 1879 p.
494 1829 553 1877 104),
572 1840 611 1866 non
631 1827 695 1866 sensit
712 1827 837 1868 intolerabile

95 1907 141 1933 esse
157 1894 303 1946 Hertzbergius
317 1896 448 1947 graiiterque
464 1894 538 1935 (loram.
553 1908 572 1946 p.
584 1898 625 1935 382
641 1896 750 1948 increpuit:
771 1910 836 1948 „quo-

94 1964 152 2003 modo
169 1965 213 2015 quis
227 1965 280 2003 inter
295 1964 378 2003 medias
387 1976 456 2004 cruces
470 1966 491 2003 et
507 1965 574 2003 trabes
586 1963 659 2004 Sinidis
673 1963 772 2004 inculcata
786 1965 836 2004 haec

96 2030 183 2072 Scironis
204 2044 254 2072 saxa
274 2035 384 2085 concoquat
402 2045 442 2072 non
459 2033 518 2071 niodo
538 2032 652 2085 praedicato
668 2045 704 2071 sao
719 2033 772 2072 unde
787 2046 835 2085 pen-

94 2101 155 2140 deant
169 2103 189 2140 et
202 2101 290 2140 subiecto
307 2114 345 2154 quo
361 2105 459 2152 regantur
474 2100 571 2150 carentia,
592 2101 628 2140 sed
641 2113 692 2154 qnae
707 2099 766 2141 aliud*
775 2098 835 2141 etiam

94 2169 206 2209 subiectum
225 2169 318 2221 aliudque
339 2170 476 2222 praedicatum
495 2171 556 2222 atque
575 2170 667 2222 proxima
688 2170 778 2210 membra
797 2169 835 2210 sibi

92 2237 206 2289 postulant,
227 2238 281 2277 haud
297 2238 389 2290 equidem
408 2238 516 2291 perspioi03
535 2251 576 2278 nou
593 2239 651 2278 nobis
665 2239 707 2277 tam
722 2239 773 2278 dura
788 2241 835 2279 sunt

91 2305 143 2346 ilia“
158 2307 199 2359 (qui
215 2307 268 2358 quod
281 2307 367 2346 addidit:
384 2339 396 2358 „
402 2308 419 2346 si
434 2308 501 2347 tamen
515 2307 596 2346 interim
609 2307 695 2358 vulgata
708 2308 834 2359 acquiescen-

92 2373 140 2413 dum
159 2375 195 2423 sit,
216 2387 267 2414 saxa
284 2376 385 2427 inhospita
406 2376 473 2414 fauces
492 2375 565 2415 isthmi
578 2375 709 2428 interpretor,
728 2376 833 2430 inquibus

91 2437 262 2498 Πιττοκοῖμπτης
277 2444 310 2483 ille
328 2444 505 2497 praetereuntibus
523 2443 606 2483 insidias
627 2445 740 2495 struebat,“
758 2445 779 2485 id
793 2459 834 2486 non

90 2511 131 2549 iam
146 2516 235 2551 nostram
250 2503 333 2564 requirit
347 2513 554 2562 animadversionem).
585 2512 642 2551 Idem
654 2512 743 2552 sensisse
753 2514 834 2553 ridetur

89 2578 200 2633 Hauptius,
225 2582 259 2633 qui
279 2581 371 2621 editionis
390 2594 439 2621 suae
453 2594 471 2633 p.
487 2584 527 2621 331
548 2581 593 2620 illos
613 2594 686 2621 versus
705 2582 726 2621 in
747 2582 833 2621 eundem

88 2650 167 2688 modum
184 2654 243 2701 atque
259 2649 353 2689 lliofaaus
369 2651 390 2689 in
406 2650 463 2689 Orid.
474 2649 589 2690 MetVHI.
601 2652 649 2690 440.
664 2664 683 2703 p.
694 2652 735 2689 502
752 2652 773 2690 et
782 2649 830 2690 Ber-
