1780 2936
389 62 445 104 Caput
455 60 504 95 VHI:
548 28 550 31 ι
604 77 607 80 «
784 51 825 89 161

82 168 142 207 batur
161 168 269 208 uerborum
291 167 369 217 ordine3
393 180 440 207 nam
457 177 574 221 perperam,
593 166 616 204 ut
635 177 661 204 en
679 163 827 217 comparatione

83 237 168 277 nominis
184 233 320 294 ἀλεξητήριον
336 237 466 289 intelligitur,
482 236 534 275 iufra
547 236 631 274 uerbum
642 229 718 274 audiet
728 233 827 273 reiectum

83 307 237 348 videturesse:
256 309 311 347 certe
331 307 448 360 praestabat
461 307 490 345 ita
502 303 569 345 omnia
583 304 655 355 digeri:
676 298 761 354 audiar,
778 298 827 344 δαί-

83 374 159 427 δαλον,
175 376 244 432 ψευδῆ
259 371 329 427 δόσιν,
343 378 367 417 ut
382 371 484 417 δαίδαλον
498 374 553 414 idem
567 386 613 413 esse
628 374 751 413 statueretur
765 375 827 425 atque

84 441 197 498 δαίδαλμα.
227 445 270 486 Nec
283 446 323 486 ianr
339 446 426 485 referam
440 457 511 497 parum
526 443 621 495 religiose
637 445 728 483 serratas
745 443 826 483 criticae

84 516 132 556 artis
151 517 218 568 leges:
239 528 286 555 nam
299 527 337 554 nec
350 515 444 554 accentus
461 512 529 552 sedem
545 515 621 552 temere
636 512 752 552 mutandam
767 513 826 553 corri-

84 585 141 636 genti
160 597 205 624 esse
227 584 337 624 identidem
355 583 463 623 inculcarit
477 580 620 621 Boissonadius
641 594 679 621 nec
694 581 751 621 facile
766 581 826 621 fidem

83 653 161 694 inuenit
174 667 215 694 vox
230 648 333 695 δαίδαλον
349 665 361 692 a
375 651 461 692 librariis
476 651 609 691 conversatu
625 663 669 691 eam
679 651 763 691 formam
774 649 827 703 (δαι-

86 721 99 763 δ
104 719 191 774 ολλοο),
208 723 265 762 criius
280 722 394 762 intellectus
410 722 442 761 est
455 721 556 773 aliquanto
572 719 674 760 difficilior.

143 791 184 831 Sed
203 792 292 832 nondum
311 793 393 845 peracta
413 803 475 831 causa
496 791 532 830 est.
559 789 643 830 Addidit
659 790 711 829 enim
725 789 827 843 Hanph'us

84 875 103 914 p.
115 864 126 901 7
138 862 198 912 haec,
218 862 290 915 quibus
307 875 348 901 nou
362 861 484 901 mediocrem
499 860 633 912 interpretum
647 860 792 912 negligentiam
807 861 828 900 et

84 931 210 984 vituperaret
234 933 254 971 et
280 931 395 983 corrigeret.
429 929 454 969 In
476 929 552 969 eisdem
570 929 609 969 illis
628 929 732 980 versibus,
756 929 827 982 inquit,

85 1001 156 1052 quihus
171 1000 279 1054 Euripides
294 1000 387 1040 Herculis
402 1000 480 1039 clavam
490 1001 587 1039 memorat
598 999 652 1039 aliud
661 1001 737 1050 restat,
753 999 827 1052 dequo

85 1069 191 1109 dicendum
206 1083 229 1110 eo
244 1070 310 1121 magis
326 1072 367 1119 est,
383 1083 421 1122 quo
435 1069 578 1122 neglegentius
590 1068 713 1122 interpretes
723 1082 767 1109 rem
777 1069 827 1109 satis

84 1140 232 1179 memorabilem
251 1139 436 1192 praetermiserunt.
471 1138 546 1178 Narrat
565 1139 625 1178 antea
643 1138 728 1190 Megara
749 1138 827 1178 Hercu·

85 1208 125 1248 lem
150 1223 195 1249 cum
214 1209 249 1248 uni
266 1208 353 1248 filiorum
372 1207 473 1260 Argivum
491 1221 578 1260 regnum
598 1207 710 1248 destinaret
729 1209 789 1248 simul
808 1210 827 1249 ei

86 1278 176 1318 induisse
193 1278 268 1331 pellem
276 1278 382 1318 leoninam.
404 1279 453 1318 scite
464 1278 501 1316 hcc
511 1279 571 1330 poeta
581 1278 676 1317 instituit:
693 1280 827 1330 congruenter

86 1347 143 1387 enim'
152 1348 220 1387 futuro
235 1348 280 1400 regi
294 1347 418 1399 Argiuorum
432 1346 523 1399 Argolici
537 1347 622 1386 monstri
637 1347 724 1386 exuviae
736 1348 828 1388 tribuun-

85 1417 124 1456 tur.
143 1416 190 1457 hinc
207 1416 316 1456 Elmsleius
334 1417 365 1456 int-
377 1416 436 1456 llenit
454 1402 522 1456 clarae
542 1416 602 1455 etiam
622 1417 643 1455 et
661 1415 752 1456 Thebani
769 1418 828 1469 regni

87 1499 132 1525 esse
146 1486 219 1526 debere
235 1486 319 1525 similem
333 1485 420 1538 aliquam
434 1485 598 1536 communionem.
617 1485 654 1525 sed
668 1485 757 1525 abutitur
767 1499 791 1526 eo
802 1487 828 1526 ad

76 1555 227 1609 infirmandum
241 1554 352 1594 Hermanni
366 1548 478 1606 δαίδαλον,
495 1567 530 1608 pro
542 1568 580 1607 quc
591 1554 667 1594 frustra
676 1555 757 1595 videtur
768 1568 828 1609 quae·

87 1624 170 1673 sivisse⁷
191 1625 243 1676 quod
263 1625 375 1664 declararet
394 1624 491 1675 quomodo
507 1624 565 1664 clava
576 1624 602 1664 ad
617 1623 696 1663 Thebas
712 1625 829 1676 pertineret.

87 1693 197 1746 quaesivit,
213 1695 237 1733 ut
251 1694 317 1743 aiunt,
331 1693 406 1733 nodum
420 1693 441 1732 iu
457 1693 527 1745 scirpo.
552 1692 625 1732 etenim
639 1692 739 1746 Iosephus
749 1693 828 1734 Eckhe-

87 1763 126 1801 lius
146 1763 207 1801 doctr.
223 1775 297 1801 numm¹
316 1762 355 1802 vol.
366 1762 393 1802 H.
408 1776 427 1814 p.
438 1764 479 1801 202
491 1776 533 1814 sqq.
553 1751 722 1814 prolatonummo
734 1763 828 1804 Thebano

87 1831 158 1884 inquo
173 1832 257 1885 clypeus
272 1830 368 1871 Boeotius
382 1831 403 1870 et
416 1831 493 1871 inserta
506 1832 525 1870 ei
540 1832 597 1871 clara
612 1844 710 1884 expressa
725 1834 757 1871 est
771 1845 829 1883 egre-

88 1901 121 1952 gie
134 1894 201 1941 docuit
215 1900 321 1951 Herculis,
335 1900 408 1953 quippe
423 1900 497 1940 Thebis
511 1902 564 1950 nati,
586 1901 663 1941 clavam
676 1901 756 1953 insigne
767 1902 829 1941 luisse

88 1971 191 2009 scutorum
205 1969 346 2010 Thebanorum
357 1970 473 2022 primusque
488 1970 596 2022 exphcauit
606 1983 646 2010 non
655 1971 757 2010 intellecta
766 1971 829 2010 uerba

88 2039 229 2092 Xenophontis
245 2040 291 2078 hist.
305 2038 339 2079 Gr.
350 2038 398 2078 VH.
415 2041 439 2088 5,
454 2041 492 2078 20:
512 2035 661 2094 ἐπεγράφοντο
675 2036 746 2080 δὲκαὶ
757 2034 776 2080 ολ
787 2040 830 2079 urbo

86 2103 199 2162 Ἀρκαδων
220 2102 308 2148 ὁπλῖται
329 2104 414 2161 ῥόπαλα
430 2102 512 2158 ἔχοντες
518 2140 523 2159 ,
544 2102 573 2156 ὡς
589 2107 681 2163 Θηβαῖοι
694 2104 758 2157 ὄντες.
788 2108 830 2148 ita-

89 2189 128 2230 que
146 2189 186 2216 non
204 2176 335 2216 metuendum
355 2178 399 2216 erat
416 2175 509 2230 Euripidi
526 2190 552 2216 ne
566 2178 687 2217 mirarentur
706 2179 830 2230 spectatores

89 2246 214 2286 coniunctam
230 2246 299 2286 clauae
315 2247 334 2285 et
348 2245 406 2298 regni
421 2245 511 2286 Thebani
527 2247 751 2287 commemorationem.“
774 2246 830 2298 Ergo

89 2314 199 2354 Elmsleius
214 2315 324 2368 quaesiuit⁷
343 2316 366 2354 ut
381 2314 483 2367 Hauptius
500 2315 557 2364 dicit,
579 2317 651 2356 nodum
667 2317 687 2355 in
702 2316 772 2368 scirpo.
802 2317 831 2355 At

89 2383 191 2436 Hauptius
201 2383 256 2433 fovit,
269 2386 292 2423 ut
300 2385 361 2433 aiunt
374 2397 411 2437 pro
422 2384 499 2424 lunone
509 2385 631 2424 nubeculam.
653 2385 706 2431 Quid
716 2385 782 2424 enim?
797 2385 832 2438 qui

90 2451 192 2503 „Arcades
199 2452 295 2506 inscripto
307 2453 384 2506 clypeis
397 2453 439 2492 suis
449 2454 518 2493 clauae
527 2454 601 2506 insigni
613 2467 658 2493 sese
670 2454 776 2494 Thebanos
786 2468 832 2507 pro-

89 2522 167 2561 fessos‘
175 2521 299 2573 conjectavit,
310 2523 328 2562 is
336 2535 402 2562 nonne
413 2523 523 2563 oraticnem
533 2524 572 2562 fert
578 2537 601 2563 ac
607 2523 679 2575 probat
684 2523 705 2562 in
715 2524 832 2576 ambiguum

90 2591 212 2645 implicatam
227 2590 256 2642 (in
269 2591 320 2630 duos
341 2591 393 2630 enim
409 2591 533 2643 significatus
546 2593 608 2631 verba
621 2586 650 2640 ὡς
664 2587 723 2640 ὄντες
740 2592 833 2647 Θηβαῖοι

91 2661 224 2710 diducuntur,
235 2662 271 2699 aut
283 2661 305 2699 in
319 2660 385 2700 illum:
399 2661 477 2711 quasi
491 2663 560 2701 essent
574 2661 676 2711 Thebani,
691 2665 726 2702 aut
740 2663 761 2702 in
770 2663 834 2700 huno:

53 2760 55 2762 -
91 2731 190 2783 quippe
205 2730 238 2783 qui
253 2730 322 2769 essent
336 2729 446 2781 Thebani?
466 2731 484 2770 is
498 2744 564 2771 nonne
578 2744 652 2771 nouam
668 2733 690 2770 et
699 2730 835 2771 incredibilem

120 2809 181 2840 Sinis.
658 2803 683 2840 ll
