1780 2936
364 114 421 155 Caput
431 113 446 147 I.
765 102 778 140 5

31 213 109 275 γράφει
126 215 165 269 ,τὸν
177 210 277 259 Ἀνταῖον
292 211 345 258 αὖον
366 242 396 247 -
416 213 454 258 καὶ
473 213 601 258 καταλείπει
616 213 680 259 abab
695 218 721 271 τῇ
736 214 777 269 γῇ),

31 301 44 337 a
57 287 124 328 latinis
142 288 274 342 scriptoribus
288 288 393 340 receptum
407 278 494 326 invenio.
523 285 585 340 Apud
599 285 708 337 Virgilium
724 282 778 322 enim

31 357 117 409 legimus
132 357 183 397 Aen.
198 356 235 395 IV.
252 359 304 396 619:

89 427 194 479 Tympana
208 437 245 464 ros
260 425 368 475 buxusque
382 425 456 464 roeant
469 423 592 476 Bereeyntia
603 423 672 463 matris

87 495 168 535 Idaeae.
198 493 283 533 Sinite
299 507 367 534 arma
381 495 447 534 viris
462 495 483 533 et
498 494 563 534 oedite
578 495 637 542 ferro,

30 576 82 616 quae
96 575 195 616 expressa
210 575 256 602 esse
272 575 284 602 a
300 561 411 602 Claudiano
426 563 447 602 in
461 562 545 615 Eutrop.
561 562 576 601 Ι.
591 565 644 602 277:

50 680 52 684 Α
234 631 309 670 habeas
323 644 360 684 pro
374 630 441 670 Marte
458 630 565 683 Cybeben:

38 739 39 742 ,
87 697 159 738 Rauea
173 698 296 739 Celaenaeos
312 700 343 738 ad
359 700 484 752 tympana
497 699 553 738 disee
566 699 645 738 furores
657 722 687 727 —-

67 817 69 819 Υ
87 766 162 807 Arma
176 767 298 819 relinque
314 767 381 807 viris

29 836 60 884 (ut
75 834 134 883 Ouid.
148 834 196 875 Met.
210 834 260 877 XII.
271 838 323 875 476:
337 835 413 875 Bella
427 836 548 888 relinque
563 835 634 874 viris.
664 834 773 873 Burmann.

28 904 50 942 iu
63 902 119 943 Grat.
134 901 212 955 Cyneg.
228 907 275 943 126.
290 918 308 957 p.
325 907 374 954 107)
395 917 432 943 nee
445 904 528 956 Virgilii
547 905 669 956 interpretes
684 915 774 955 eomper-

28 974 71 1012 tum
85 972 200 1012 habuerunt
214 985 252 1011 neo
264 972 393 1012 Burmannus
408 972 429 1012 in
445 972 548 1013 Claudiam
563 975 605 1012 292
618 985 647 1023 sq.
672 970 716 1011 Nee
726 969 780 1016 alie,

27 1054 76 1080 num
91 1042 123 1088 est
136 1040 247 1091 adiungere
261 1041 351 1079 eiusdem
366 1040 448 1092 Virgilii
466 1041 529 1080 verba
542 1040 593 1080 Aen.
608 1039 636 1078 X.
651 1041 704 1079 598:
723 1037 774 1088 „Vir

28 1109 124 1158 Troiane,
147 1110 203 1148 sine
222 1109 287 1148 hane
308 1109 418 1148 animam
436 1110 457 1148 et
476 1110 572 1148 miserere
591 1107 716 1161 preeuntis‚“
738 1105 774 1145 ubi

28 1176 112 1216 Servius
127 1190 146 1229 p.
162 1178 214 1216 581:
233 1177 306 1227 „sine
321 1177 426 1228 permitte,
444 1177 575 1229 relinque,
595 1178 676 1228 patere,
692 1170 773 1227 συγχώ-

28 1255 99 1299 ρησον.
135 1243 214 1289 Quibus
237 1244 286 1284 loeis
309 1257 347 1284 nee
366 1244 519 1284 Wernsdorfius
542 1245 629 1284 intendit
652 1244 708 1283 Poet.
728 1242 773 1282 Lat.

28 1313 77 1364 Min.
92 1313 129 1354 Vr.
142 1327 161 1365 p.
175 1314 230 1362 385,
250 1326 312 1365 quum
330 1314 356 1353 de
377 1311 431 1353 Ofilii
452 1313 546 1366 Sergiam
566 1313 625 1365 Eleg.
640 1314 665 1352 de
678 1312 720 1351 Pul.
735 1313 772 1350 17:

29 1381 68 1433 „si
88 1383 189 1421 sineret
206 1383 300 1420 natura
323 1381 393 1429 mihi,
420 1395 459 1433 quo
474 1384 566 1420 verterer
579 1382 600 1420 in
614 1382 651 1421 te“
671 1379 772 1432 explioan-

30 1451 78 1499 dum
96 1451 153 1489 esset
169 1462 208 1488 nee
225 1449 323 1501 Meyerus
344 1449 448 1489 confessus
468 1450 502 1489 ille
516 1463 535 1502 p.
550 1451 579 1488 44
600 1463 640 1489 non
653 1449 730 1500 liquere
747 1447 772 1485 de

28 1531 92 1558 versu
106 1517 168 1558 Anth.
182 1517 227 1557 Lat.
240 1518 266 1558 V.
280 1521 332 1568 113,
350 1520 378 1557 20
395 1519 480 1569 (1055):
500 1519 615 1570 „quantum
630 1518 701 1557 sinat
720 1515 775 1555 otia
814 1548 817 1554 .
875 1540 877 1543 ψ

29 1586 125 1625 remis.“
154 1585 245 1638 Denique
259 1598 286 1624 ne
298 1586 354 1624 illam
369 1585 450 1638 quidem
459 1586 609 1638 inscriptionem
619 1586 707 1634 omitto‚.
715 1595 775 1636 quam

29 1668 57 1694 ex
73 1654 147 1694 Blandi
168 1652 228 1692 ltalia
246 1652 351 1715 Illustrata
375 1653 460 1706 petitam
479 1654 547 1693 attulit
566 1653 674 1693 Oberlinus
692 1652 713 1691 in
728 1650 774 1691 Vib.

29 1721 132 1773 Sequestr.
139 1735 158 1774 p.
167 1723 218 1761 178:
233 1721 347 1773 „Quisquis
358 1735 386 1772 es,
401 1722 434 1762 hie
444 1722 520 1772 sistito,
535 1723 661 1762 vexillum
676 1720 775 1761 sinit0.“

395 1834 417 1881 2.

89 1926 133 1966 Iam
148 1939 197 1966 uero
212 1929 320 1979 postquam
333 1928 378 1981 ipse
392 1927 445 1968 Sinis
460 1928 518 1979 illue,
537 1929 592 1968 unde
609 1927 735 1980 inauspieato
755 1924 777 1963 in

30 1994 97 2034 lucem
120 1996 233 2049 proventus·
256 1997 288 2035 est
309 2008 321 2035 a
340 1995 440 2036 Beroaldo
462 1995 579 2048 (Burmann.
597 2010 615 2049 p.
633 1997 694 2046 692),
721 1993 776 2033 abire

31 2064 100 2102 iussus
117 2065 159 2112 est,
173 2063 279 2103 rideamus
293 2064 319 2103 de
334 2065 453 2104 arboreis
468 2065 602 2114 eruoibus,
623 2075 673 2116 quas
688 2062 726 2102 sibi
741 2062 776 2102 ad-

29 2132 109 2171 iunctas
124 2131 194 2170 habuit
208 2131 229 2170 id
243 2144 324 2182 nomen,
341 2146 380 2184 quo
395 2146 420 2172 ne
433 2135 524 2174 nostram
538 2133 618 2185 quidem
636 2133 723 2172 aetatem
739 2142 774 2169 ex-

31 2201 110 2251 pertam
134 2211 180 2237 esse
204 2199 267 2238 ullunr
296 2202 402 2240 nocentius
430 2202 468 2241 hoo
497 2201 563 2241 libello
589 2198 776 2240 demonstrabimus.

32 2268 100 2313 Quam
113 2268 220 2313 verissime
234 2269 302 2307 autem
318 2269 344 2308 de
358 2269 399 2308 illis
412 2270 495 2309 vooibus
506 2269 631 2322 expedituris
642 2280 702 2322 quum
712 2266 777 2324 multa

31 2336 132 2374 molienda
147 2337 197 2387 sint,
217 2338 260 2376 tum
274 2350 312 2390 per
325 2350 361 2377 eas
376 2339 465 2378 eundum
475 2341 506 2378 est
516 2338 606 2387 fabulas,
619 2349 670 2390 quas
680 2337 706 2376 de
716 2336 777 2375 latro-

31 2404 90 2442 nibus
112 2416 124 2442 a
145 2403 224 2444 Theseo
250 2406 335 2451 sublatis
359 2408 441 2459 veteres
463 2407 600 2459 prodiderunt.
636 2405 692 2452 (anis
712 2406 778 2445 euim?

32 2484 98 2512 nonne
119 2472 146 2510 ad
168 2472 266 2511 levandas
286 2473 415 2514 difficultates
440 2475 564 2527 aliquantum
585 2475 650 2525 valet,
677 2474 729 2527 quod
750 2487 779 2523 „a

32 2539 132 2581 Pausania
151 2545 173 2578 et
194 2539 266 2580 Oridio
286 2540 344 2580 Sinin
359 2545 380 2582 et
394 2543 547 2596 Pityooampten
564 2544 655 2583 diversos
667 2542 781 2582 existimari

33 2611 55 2648 et
69 2622 82 2647 a
96 2608 202 2660 Propertio
221 2610 264 2647 tres
285 2610 429 2650 famosissimos
448 2611 538 2650 latrones
555 2612 596 2651 illis
614 2612 707 2651 versibus
726 2610 781 2649 diei“

34 2678 144 2736 arbitratus
170 2678 202 2717 est
223 2676 345 2728 Salvagnius
364 2679 385 2717 in
406 2678 465 2719 Ovid.
479 2679 509 2719 lb.
525 2682 573 2720 411.
590 2694 609 2733 p.
625 2679 675 2730 103',
699 2680 781 2732 praeter
