1780 2936
399 100 454 143 Caput
466 99 495 132 Vl,
508 128 510 131 .
775 87 816 124 109

76 221 139 259 sain,
159 210 183 247 ut
202 210 234 247 est
252 208 305 261 apud
325 206 452 246 Laetantium
472 206 493 243 et
511 202 693 256 llythographum,
714 203 817 252 eomodo,

75 291 114 330 quo
128 277 277 317 Aretiadem
293 277 346 330 apud
361 276 447 315 Plinium
462 276 482 313 et
497 273 620 313 llartianum
631 273 733 325 Capellam
743 273 817 311 saetam

75 360 120 387 esse
136 347 295 388 Arethusam
311 342 491 385 demonstravimus
502 343 563 382 Theb.
574 342 643 382 Parad.
658 355 676 394 p.
689 345 736 391 106,
750 342 817 382 looum

75 420 186 457 statuamus
207 429 316 469 oooupasse
336 415 421 455 nominis
435 408 559 467 Ἐρύθεια
580 407 769 466 siue³Eptu‘lp'l'g,¹
789 412 818 450 sio

75 487 132 525 enim
147 488 207 526 uooat
221 485 340 538 Apollonius
361 485 373 522 l.
385 484 402 522 d.
434 483 512 528 Quibus
527 482 556 521 ita
572 481 703 534 praemunitis
718 493 741 520 ao
756 481 817 520 stabi-

74 556 115 595 litis
130 556 188 595 faoile
202 554 324 606 persuadere
339 552 431 592 ridemur
443 551 584 603 Hulgentio
595 551 652 602 Virg,
668 548 723 589 Oont.
739 564 757 602 p.
770 552 817 599 755,

75 626 131 664 ouius
146 626 196 663 haee
209 624 273 662 verba
287 623 308 661 in
324 622 391 662 codiee
405 621 501 661 Leidensi
515 621 596 672 glossae
610 621 654 660 looo
667 620 746 659 adiecta
758 633 817 669 „eor-

17 684 19 686 ’
57 685 59 688 ’
74 693 190 746 ruptissime
205 688 263 743 legi“
278 692 332 731 (loeti
345 691 436 731 homines
449 690 557 730 affirmant:
574 689 684 739 „Quatuor
693 688 817 742 Hesperides

75 763 140 802 diotae
156 763 203 801 suut
222 761 243 800 id
263 763 295 800 est
313 760 391 812 Eglo,
408 759 525 814 Hesper,
546 759 668 809 Medusa,
686 758 820 799 Eretusa“

75 832 182 884 (Aegle,
199 829 328 883 Hesperie,
348 830 444 881 Medusa,
465 830 585 869 Arethusa
599 828 680 868 Hunok.
694 827 749 881 Hyg.
769 843 787 881 p.
799 831 818 868 3.

2 902 22 905 ”
75 903 148 951 noth)
164 902 185 939 et
199 899 391 953 lllpthographo
407 899 445 938 ΠΙ.
462 902 499 949 13,
516 901 534 938 5.
554 912 573 951 p.
585 901 637 949 248,
651 900 690 937 42:
710 897 819 947 „Quatuer

76 971 139 1020 enim,
155 970 183 1009 ait
197 968 346 1021 (Fulgentius),
360 968 486 1022 Hesperides
496 969 589 1008 diduntur
600 967 677 1021 Aegle,
691 967 819 1020 Hesperis,

52 1052 54 1054 ·
72 1040 162 1079 'Medusa
177 1039 331 1079 etPhaetnsa
342 1038 407 1091 (Lu.
422 1038 499 1090 Eglo,
515 1038 611 1091 Hesper
622 1040 686 1077 —et
699 1038 818 1089 ferusa)“

35 1127 37 1130 ’
76 1123 116 1149 non
130 1109 273 1148 emendenda
288 1122 343 1158 esse,
360 1121 411 1160 quoe
426 1108 485 1147 iussit
500 1107 596 1148 Heinsius
611 1109 632 1147 in
648 1105 705 1147 Ouid.
721 1107 769 1146 Met.
780 1106 819 1146 XI.

48 1211 49 1214 ,
72 1181 124 1218 4114.
149 1193 167 1231 p.
184 1181 225 1218 753
249 1178 344 1217 laudatus
369 1178 403 1216 ille
427 1177 560 1217 llalelrenario
585 1178 606 1217 in
625 1176 674 1216 Eur.
694 1176 755 1229 Hipp.
771 1179 819 1216 742.

75 1261 94 1299 p.
110 1250 151 1287 243
173 1261 219 1299 sq.:-
233 1246 360 1286 seribendum
386 1259 413 1285 ex
433 1245 514 1286 Servio:
542 1246 637 1298 „Aegle,
660 1245 820 1299 Hesperusa,

75 1315 235 1366 Arethusa“,
254 1329 325 1355 rerum
344 1316 404 1365 haee,
429 1328 480 1368 quae
495 1316 584 1356 nondum
600 1315 691 1355 diseretis
705 1315 818 1355 nominihus

76 1385 213 1438 Hesperis,
241 1385 351 1424 Hedusa
375 1385 483 1436 additaque
506 1385 560 1424 futili
583 1385 618 1424 illa
642 1385 818 1438 interpretatione:

76 1457 209 1507 „quatuor
228 1454 352 1507 Hesperides
368 1478 396 1483 —
412 1467 462 1506 quas
483 1468 520 1494 nos
535 1454 607 1494 Latine
623 1454 722 1506 studium,
741 1454 819 1493 intelle-

76 1526 140 1573 otum,
164 1523 280 1562 memoriam
304 1526 325 1562 et
342 1523 454 1562 faoundiam
473 1523 574 1563 dioimns“
593 1525 712 1574 consignata
728 1523 819 1563 fuerant:

28 1603 30 1607 ·
75 1592 157 1642 „Tres
173 1591 298 1644 Hesperides
315 1616 342 1621 —
357 1592 434 1643 Aegle,
453 1591 663 1645 Hesperethusa,
678 1592 817 1645 Erytheis,

76 1660 249 1713 (Erythea);“
270 1661 291 1699 in
311 1660 470 1714 Apollodori
490 1662 613 1701 autemlooo
631 1661 743 1711 H.5,11:
763 1658 818 1713 μετὰ

519 1726 533 1759 (ι

76 1727 150 1770 roiroo
171 1725 195 1770 da*
207 1723 333 1784 Ἑσπερίδες
349 1725 468 1784 ἐφύλαττον
484 1724 569 1785 Atyn),
584 1724 699 1782 Touana,
713 1725 817 1783 Ἑστία,

74 1795 238 1853 Ἐρέθουσα,
260 1799 316 1838 ouius
332 1799 443 1850 integritati
457 1799 540 1849 melius,
559 1812 619 1851 quam
633 1799 741 1849 Heinsius,
759 1800 818 1839 Hun-

76 1868 159 1918 oherus,
175 1867 250 1907 Badius
264 1868 285 1907 in
298 1868 401 1921 hlythogr.
423 1882 442 1921 p.
454 1871 507 1918 101,
529 1869 629 1908 oonsulnit
646 1868 818 1909 Natalisllomes

75 1937 107 1976 his
126 1937 139 1976 l.
154 1938 172 1976 d.
190 1937 308 1989 propositis:
330 1936 424 1989 „Aegle,
444 1937 590 1990 Erethusa,
615 1938 688 1987 Vesta,
710 1936 820 1991 Erythia‘·',

76 2007 157 2045 nomina
171 2006 223 2045 male
239 2007 347 2059 dirempta:
366 2001 458 2046 Ἑστία
471 2002 624 2061 Ἐρέθουσα
639 2008 660 2047 in
669 2007 720 2046 hano
731 2008 819 2060 speeiem
857 2025 859 2027 >

36 2067 37 2070 ¹
77 2075 217 2126 coniungenda
224 2088 247 2114 ae
254 2076 413 2115 reoonoinnanda
419 2087 475 2115 esse:
490 2071 703 2130 Ἕσπερὲθονσα,
714 2075 818 2115 Postremo

20 2193 22 2195 ‚
76 2157 115 2183 uon
129 2144 168 2182 iam
183 2143 265 2183 dubium
279 2145 321 2193 est,
335 2145 383 2195 quin
396 2143 506 2184 HYGINO
522 2143 604 2185 Geneal.
619 2159 637 2198 p.
649 2147 673 2184 2:
693 2144 819 2197 Hesperides

76 2212 153 2264 Aegle,
175 2211 315 2265 Hesperie,
340 2212 435 2252 Aerioa
454 2212 551 2252 Heinsius
570 2213 583 2252 l.
599 2214 617 2253 d.
636 2226 685 2253 rere
706 2213 819 2253 restituerit

75 2294 149 2320 nomen
162 2281 275 2333 Erythia
290 2282 350 2333 (quod
369 2282 393 2320 alo
408 2282 519 2321 llunelrero
532 2282 552 2321 in
567 2283 655 2322 medium
671 2282 754 2321 allatum
768 2285 818 2322 tam-

76 2363 135 2400 quam
151 2363 187 2389 sua
202 2363 250 2389 oura
264 2353 376 2403 repertum,
390 2352 414 2390 ut
429 2352 490 2400 solet,
503 2351 565 2391 iaotat
579 2351 666 2391 Buntius
680 2365 699 2403 p.
711 2352 756 2402 26),
770 2353 819 2391 alte-

75 2430 121 2457 rum
136 2431 209 2458 nomen
229 2421 307 2469 antem,
329 2420 381 2471 quod
402 2421 510 2472 autequam
527 2420 601 2459 litteris
618 2434 629 2459 e
644 2422 665 2459 et
680 2433 690 2458 e
705 2421 734 2471 (id
747 2423 780 2460 est
793 2423 819 2471 Σ)

76 2486 163 2525 confusis
182 2485 240 2525 fieret
260 2487 373 2540 Hesperie,
394 2489 457 2527 fuisse
477 2489 558 2528 videtur
572 2488 699 2541 Hesperisa
714 2490 818 2541 (eriea):

72 2549 212 2608 ζΕσπέρουσα
230 2557 261 2603 (ut
280 2557 333 2607 apud
349 2555 461 2613 Servimn),
484 2558 509 2595 ad
524 2557 584 2596 fidem
598 2558 720 2609 reliquorum
736 2559 820 2611 seripto-

75 2636 121 2662 rum
144 2623 172 2662 sio
196 2622 313 2674 expleatur:
334 2617 498 2677 Hesperethusa,
520 2628 543 2664 ut
565 2627 619 2678 apud
636 2627 819 2668 Laetantium:

215 2691 291 2743 Aegle,
307 2692 431 2744 Erythia,
450 2693 659 2746 Hesperethusa.
