1780 2936
408 89 464 132 caput
475 88 524 123 viu.
801 79 842 116 177

95 191 189 245 Taygeta
208 193 309 234 Arcadiae
329 194 376 233 dicit
396 193 508 233 Scholiasta
526 193 603 231 Lucani
618 192 654 232 VI.
669 195 703 232 41.
719 206 738 245 p.
753 195 796 231 423
815 194 837 231 cf.

94 260 151 303 Eust.
168 261 321 302 Od.VH.103.
340 277 358 316 p.
371 265 438 311 1554,
450 266 487 301 12:
503 256 608 300 συνάπτει
625 258 649 300 δὲ
665 257 715 315 ὅρος
724 258 749 302 τὸ
762 256 838 313 Tethye-

94 343 131 368 τον
153 328 209 385 πρὸς
228 326 304 383 ἄρκτον
323 332 372 378 τοῖς
385 323 567 384 Ἀρκαδικοῖς
585 324 736 382 ’ὑπωρείοις
751 332 772 368 et
786 329 839 369 Pau-

94 399 161 438 sanias
178 401 203 438 de
220 399 352 452 Stymphaliis
367 399 425 438 VIII.
438 403 475 449 22,
493 402 503 436 1
521 399 571 437 haec
584 397 681 449 prodidit:
699 395 837 453 Στυμφάλιοι

94 465 118 507 δὲ
138 465 263 522 τεταγμένοι
285 465 324 519 μὲν
343 463 367 507 οὐ
386 464 440 519 μετὰ
452 462 568 520 Ἀρκάδων
583 461 616 506 ἔτι
630 461 692 517 εἰσίν,
715 459 759 506 ἀλλ
775 463 797 515 ἐς
811 465 837 508 τὸ

92 527 219 590 Ἀργολικὸν
235 536 359 576 συντελοῦσι
375 540 405 585 et,
425 539 449 574 ut
463 537 488 575 ad
503 536 608 586 graviores
621 537 686 574 testes
701 536 790 587 veniam,
812 538 837 576 de

94 605 288 652 vetustissimorum,
303 606 363 655 pute,
378 606 483 656 poetarum
499 604 618 643 auctoritate
635 603 694 643 docet
704 602 780 642 Plinius
795 604 807 643 l.
819 606 837 644 d.

95 670 180 712 Cleonas
195 675 216 711 et
226 672 345 712 Bembinam
354 671 456 711 Arcadum
471 672 545 720 fuisse,
560 671 662 711 Lucianus
673 674 694 711 et
703 671 838 713 Philostratus

94 742 162 779 autem
177 740 311 790 Oenomaum,
326 741 384 780 Pisae
399 753 478 791 regern,
493 740 595 780 Arcadem
608 740 714 792 perhibent
729 741 776 792 (Iac.
793 740 838 781 Phi·

94 808 149 848 lostr.
169 808 205 848 Im.
221 809 237 848 1.
258 814 289 849 17.
309 824 328 862 p.
344 812 394 859 310)
414 810 506 861 idemque
526 809 662 848 Philostratus
683 808 799 862 Olympiam
817 812 838 849 et

94 876 207 918 Messenios
222 879 243 917 in
257 879 370 918 Arcadibus
385 880 487 927 numerat,
500 878 521 917 id
536 878 589 930 quod
604 879 759 930 comprobarunt
769 878 837 929 Iacob-

95 948 137 986 sius
152 948 189 987 Im.
204 948 231 987 H.
248 952 281 988 32.
294 962 313 1000 p.
325 950 365 988 561
383 950 403 987 et
417 947 452 999 qui
466 947 537 988 Cobeti
552 947 657 986 consilium
671 947 692 986 in
708 946 757 987 libro
775 945 837 999 Gym-

93 1018 145 1055 nast.
160 1030 179 1068 p.
191 1018 229 1065 18,
245 1019 256 1055 9
277 1012 299 1055 ἒν
318 1011 379 1070 κοίλῃ
392 1011 463 1055 Ἄλτει
478 1029 514 1067 pro
530 1011 552 1054 ἐν
566 1010 627 1069 κοίλῃ
641 1007 774 1070 Ἀρκαδίᾳ
790 1017 836 1056 scri-

94 1085 182 1124 bendum
206 1098 252 1125 esse
272 1084 364 1124 arbitrati
382 1085 508 1137 reprobarit,
532 1084 635 1135 Kayserus
655 1083 724 1124 Philol.
740 1084 801 1124 XXI.
818 1088 836 1125 2.

93 1166 112 1205 p.
124 1155 177 1202 234,
198 1153 283 1206 denique
300 1151 426 1205 Olympicum
440 1154 545 1193 victoriam
560 1152 680 1192 Arcadicum
693 1156 753 1193 vocat
768 1156 838 1194 auctor

94 1221 244 1274 epigrammatis
259 1221 321 1261 Anth.
337 1221 378 1261 Pal.
389 1220 427 1260 IX.
439 1224 477 1270 21,
488 1223 507 1260 4.
520 1234 539 1274 p.
551 1224 584 1260 12.
609 1221 685 1261 Iacobs.
695 1221 739 1261 Del.
753 1236 772 1275 p.
789 1225 836 1262 376.

94 1289 141 1329 Aha
160 1290 279 1342 protulimus
300 1289 361 1330 Theb.
380 1289 451 1330 Parad.
472 1304 491 1343 p.
503 1292 543 1330 461
565 1290 588 1329 cf.
601 1290 688 1330 Meinek.
702 1289 770 1344 Steph.
785 1291 835 1344 Byr.

94 1372 113 1411 p.
124 1361 173 1408 231,
183 1362 202 1398 2.
217 1358 288 1399 Paucis
298 1371 341 1398 rem
351 1359 420 1411 attigit
427 1357 508 1398 Curtius
516 1357 624 1411 Peloponn.
635 1357 651 1397 I.
666 1373 684 1412 p.
692 1362 739 1399 181.
754 1362 795 1399 not.
803 1363 836 1400 23.

151 1426 185 1468 Ex
206 1428 277 1480 quibus
298 1427 327 1468 ita
347 1420 472 1477 deliberatis,
488 1441 550 1480 quum
571 1428 692 1479 praesertim
712 1427 789 1468 Plinius
812 1442 834 1469 se

94 1497 115 1536 in
129 1500 199 1549 quarto
214 1497 265 1536 libro
280 1496 424 1537 Callimachum
440 1501 541 1537 auctorem
557 1499 665 1548 sequutum
680 1510 726 1536 esse
741 1497 836 1551 profitea-

94 1566 127 1605 tur
148 1565 198 1605 libro
213 1564 229 1604 I.
245 1580 264 1618 p.
277 1567 315 1614 22,
335 1565 416 1605 videtur
431 1565 502 1618 aliquis
517 1565 563 1605 duci
578 1578 638 1617 posse
653 1566 679 1604 ad
694 1559 836 1619 suspicandum

78 1636 81 1639 ’
94 1632 191 1674 Molorchi
205 1632 290 1673 Arcadis
305 1634 339 1673 vel
354 1636 409 1673 certe
422 1632 517 1673 Herculis
532 1647 569 1673 seu
584 1633 680 1673 beneficio
696 1634 739 1674 sive
754 1636 836 1675 consilio

93 1701 191 1742 Molorchi
209 1703 293 1756 hospitis
309 1692 409 1743 Maenalia
429 1704 487 1742 olava
503 1703 575 1743 armati
589 1703 711 1742 mentionem
726 1704 837 1744 secundum

94 1771 228 1823 antiquiorum
247 1776 353 1825 poetarum
371 1771 432 1811 fidem
451 1773 525 1811 factam
537 1772 600 1811 fuisse
613 1785 625 1811 a
640 1771 756 1812 Callimachi
771 1773 792 1812 in
807 1788 837 1823 eo,

94 1853 133 1892 quo
149 1853 210 1893 supra
226 1840 324 1890 diximus,
344 1841 400 1880 libro.
431 1839 466 1880 Sin
481 1842 548 1880 autem
564 1852 588 1879 ea
603 1841 718 1881 coniectura
732 1842 784 1880 nolis
799 1844 835 1882 niti

93 1910 196 1961 tamquam
216 1909 292 1949 lubrica
314 1913 335 1949 et
353 1909 479 1962 ambagiosa,
502 1910 605 1961 integrum
628 1912 659 1948 est
679 1909 836 1950 Maenalium

93 1990 186 2017 ramum
201 1979 330 2031 interpretari
345 1991 357 2017 a
372 1978 476 2031 Propertio
492 1979 567 2018 dictum
582 1991 629 2018 esse
640 1979 739 2031 stipitem,
756 1980 847 2032 qualem

95 2047 182 2086 omnium
202 2048 289 2087 maxime
310 2061 360 2099 gens
381 2048 483 2087 Arcadum
502 2048 641 2087 vetustissima
660 2060 732 2099 gerere
756 2049 835 2089 soleret.

95 2114 141 2161 aaa
160 2116 240 2168 quidem
253 2116 330 2155 ratione
345 2116 457 2155 Phaedram
473 2116 549 2156 Seneca
563 2116 610 2155 facit
622 2116 642 2154 in
656 2115 716 2169 Hipp.
728 2119 769 2156 396
785 2117 835 2157 haec

93 2184 219 2238 loquentem:
240 2185 364 2237 „Hastile
383 2186 450 2225 vibret
464 2187 536 2225 dextra
550 2185 735 2225 Thessalicum
747 2189 836 2226 manns“

93 2257 114 2294 et
133 2253 210 2294 Statius
230 2255 255 2295 de
270 2254 358 2294 Hercule
369 2254 409 2294 iam
424 2255 460 2295 deo
476 2255 528 2295 iacto
545 2254 693 2294 Theledss
710 2256 748 2294 ait:
773 2255 836 2305 „Pro-

95 2325 170 2363 cumbit
188 2324 230 2363 late
248 2325 312 2377 pubes
333 2324 482 2377 Tirynthia,
501 2324 575 2363 alumni
589 2323 681 2363 Exuvias
701 2323 778 2363 imitata
793 2325 834 2367 dei:

93 2394 142 2431 trux
159 2394 236 2432 moeret
256 2394 281 2432 ab
297 2394 337 2433 alto
355 2392 545 2447 Amphitryoniades
560 2392 687 2431 Nemeaea
702 2392 835 2445 insanguine

94 2462 170 2512 terga
185 2461 213 2501 Et
227 2462 303 2501 similes
318 2475 384 2501 ramos
395 2463 511 2515 similesque
521 2462 591 2501 uidere
601 2462 706 2513 pharetras
713 2463 724 2480 “
740 2465 761 2501 et
771 2462 796 2502 V.
809 2466 834 2503 92

95 2529 120 2568 de
134 2528 234 2569 Thebanis
248 2530 376 2571 Bacchabus:
396 2532 482 2581 „insano
496 2531 561 2570 veluti
571 2528 677 2569 Teumesia
689 2528 758 2581 Thyas
768 2531 835 2586 Rapta

87 2598 144 2647 deo,
167 2611 212 2638 cum
228 2610 285 2644 sacra
300 2603 373 2640 vocant
386 2600 507 2653 Idaeaque
523 2599 595 2639 suadet
610 2597 705 2649 3uxus“,
725 2600 835 2640 cuiusmodi

95 2668 134 2708 alia
148 2667 212 2707 multa
227 2669 320 2720 exempla
338 2670 464 2721 collegerunt
477 2669 605 2708 Burmannus
620 2669 641 2706 in
655 2667 729 2708 Lucan.
741 2669 776 2708 Vl.
788 2672 835 2709 220.

95 2739 143 2776 287.
162 2751 183 2789 p.
194 2739 241 2776 104.
258 2739 300 2776 409
321 2740 346 2785 et
359 2738 445 2778 Iacobus
461 2739 552 2785 Quaestt.
567 2737 622 2789 Epic.
637 2735 676 2777 III.
691 2740 710 2775 4.
726 2740 744 2784 5.
763 2751 782 2789 p.
795 2741 835 2780 172

124 2815 192 2844 Sinis·
663 2809 689 2846 Γ).
