1780 2936
385 97 502 142 captivus.
774 85 814 125 155

73 206 182 245 curvatura
201 208 264 246 nodos
284 205 366 256 efficiat,
392 206 459 245 docuit
478 194 611 244 Marlilaudus
632 204 680 245 Silv.
691 203 718 243 H.
730 207 749 252 3,
760 206 778 242 2.
796 217 815 256 p.

51 275 54 282 ‘'
74 274 365 330 232etGraliusOyn.138:
381 275 538 327 „Numquam
552 275 623 326 sponte
639 286 675 314 sua
685 286 815 327 procerus

73 344 99 384 ad
114 358 162 385 aera
174 347 273 386 termes
288 345 361 385 hxntr
376 358 467 398 quaeque
478 343 606 384 Burmannus
620 343 640 382 in
651 357 669 383 v.
681 346 727 384 131.
742 357 760 396 p.
773 346 814 383 112

73 414 172 454 disseruit.
181 414 208 467 58)
239 415 307 461 Quare
321 416 342 453 et
357 414 471 467 Apollinem
480 415 583 466 pastorem
598 414 618 451 et
628 413 727 465 Amycum
737 412 814 466 Bebry-

71 470 116 523 cem
130 485 201 524 hacrrlo
217 483 358 524 silvestris
378 484 453 522 oleae
473 497 533 522 usum
546 482 610 521 fuisse
625 481 731 534 perhibent
745 481 814 521 Heius.

73 551 131 592 Ouid.
152 553 237 592 MetH.
255 556 301 592 681.
317 565 335 605 p.
348 555 394 591 149,
429 551 463 590 Ex
482 552 513 591 his
532 553 600 590 autem
620 551 649 590 ita
667 550 775 603 propositis
795 553 815 589 et

72 622 187 661 deliberatis
205 621 335 673 intelligitur,
355 621 401 673 quid
417 620 519 673 Hauptius
540 620 638 660 erraverit
653 622 674 659 in
691 620 815 673 explicandis

71 691 139 730 verbis
159 689 287 743 Alciphronis
302 688 341 729 ΙΠ.
359 691 396 729 55;
423 685 513 744 στελέχιμ
533 683 623 744 πρινίνιμ
642 682 815 743 ἐπερειδόμενος

71 752 96 815 ἦν
111 755 150 814 γάρ
164 754 228 799 ἀντὶ
244 760 289 799 τοῦ
306 754 493 811 πνκνιδματος
512 759 563 798 rav
578 753 645 807 δ’ζιον
656 756 743 809 χαλκοῖς
757 770 815 797 τισιν

71 824 131 884 ἥλοις
146 824 314 880 ἐμπεπαρμένον
329 824 400 881 φέρων
414 824 536 882 βακτηρίαν,
569 827 610 872 Qui
624 828 703 867 tanturn
720 828 778 867 abest
792 830 815 866 ut

71 897 156 951 Hauptii
174 897 286 937 sententiae
305 896 365 936 fidem
384 897 453 945 faciat,
476 900 499 936 ut
519 896 613 935 Herculis
632 896 721 949 stipitem
739 897 815 935 nodis

72 960 206 1020 (πυκνώματι
224 966 266 1005 τῶν
287 960 359 1017 tter),
380 966 492 1017 philosophi
513 966 602 1018 stipitem
622 960 759 1020 (βακτηρίαν,
784 966 816 1005 cui

71 1035 146 1074 nomini
163 1035 212 1074 nihil
231 1034 308 1074 addidit
325 1034 426 1073 Lucienus
445 1034 510 1074 Reitu.
530 1033 613 1075 Conviv.
624 1036 657 1073 44.
676 1048 695 1087 p
708 1036 754 1074 372.
770 1033 814 1074 Vol.

71 1103 118 1156 IX.)
132 1102 215 1144 clavis
231 1103 322 1142 aeneis
337 1103 438 1155 insignem
453 1103 517 1143 fuisse
527 1103 613 1152 indicet,
628 1103 727 1152 declaret,
740 1105 764 1142 ut
774 1102 813 1142 ΠΙ.
855 1123 857 1125 -

71 1175 100 1213 40
118 1174 130 1212 l.
150 1185 211 1225 supra
232 1186 250 1225 p.
262 1173 303 1212 153
324 1172 387 1222 ellat,
407 1172 464 1225 ipso
482 1172 629 1225 gestamine
651 1171 749 1226 Cynicum
767 1172 813 1212 affe-

71 1248 138 1282 ctasse
147 1241 242 1281 Herculis
256 1241 348 1294 speciem.

129 1310 182 1350 Hinc
195 1311 221 1350 ad
236 1310 320 1350 alteram
330 1309 404 1350 famam
414 1310 517 1363 pergimus
529 1309 666 1350 enarrandam
690 1309 743 1350 Nam
754 1324 813 1363 quem

71 1379 160 1433 stipitem
180 1392 294 1432 gravem,
313 1374 428 1434 στιβαρόν,
452 1380 552 1432 pondus
572 1377 712 1431 dixeruntfil)
736 1379 755 1419 ei
772 1393 813 1420 uon

71 1450 188 1498 defuerunt,
209 1449 243 1502 qui
255 1448 322 1488 ferri
338 1449 426 1500 rigorem
440 1448 530 1489 additum
545 1448 608 1488 fuisse
623 1449 703 1488 vellent.
734 1448 813 1498 Testes,

71 1532 121 1571 quos
140 1531 180 1558 non
199 1518 256 1559 novit
274 1517 386 1570 Hauphus,
407 1519 455 1557 sunt
472 1516 591 1571 Apollonius
606 1516 698 1557 Rhodius
714 1517 811 1558 11196:

69 1583 144 1642 ἐλάτην
154 1610 177 1615 -
191 1585 364 1639 χαλκοβαρεῖ
378 1582 492 1640 ῥοπαλιμ
503 1583 610 1627 δαπέδοιο
621 1581 708 1636 τινάξας
717 1583 813 1627 Nelidae
829 1576 834 1591 ⁵

69 1650 205 1711 ἀμφοτέρῃσι
230 1651 388 1710 περλστύπος
406 1650 483 1708 ἔλλαβε
502 1650 586 1710 χερσίν,
609 1668 661 1707 quae
679 1657 711 1696 his
731 1659 813 1696 enarrat

115 1800 144 1844 58)
159 1801 266 1833 Burmannus
281 1801 332 1832 haec:
347 1799 436 1843 „nodosos
449 1818 471 1823 —
486 1801 562 1833 termites
574 1800 626 1833 fuisse
638 1812 669 1834 nec
680 1801 748 1846 glabros
763 1801 813 1836 docet

69 1857 116 1890 clava
127 1857 216 1899 Herculis,
231 1868 272 1900 quae
285 1868 305 1889 ex
317 1857 390 1889 oleastro
404 1860 440 1889 erat
451 1860 493 1890 teste
507 1858 598 1890 Theocrito
612 1860 628 1889 et
640 1859 733 1900 Apollonio
744 1860 814 1904 Rhodio

68 1917 85 1948 et
96 1914 140 1947 aliis.
163 1914 216 1957 Atqui
232 1916 274 1947 haec
290 1914 354 1946 nodosa
372 1917 416 1957 erat,
432 1915 477 1947 unde
488 1915 587 1947 trinodis
603 1915 664 1948 dicitnr
678 1916 725 1949 Ovid.
738 1918 784 1950 Fast.
797 1918 811 1950 Ι.

68 1976 101 2005 575
113 1974 130 2004 et
142 1972 190 2013 Virg.
204 1972 252 2006 VHI.
266 1975 308 2005 220:
325 1972 407 2014 nodisque
424 1974 512 2014 gravatum
528 1973 592 2005 Robur.
617 1973 646 2005 Sic
662 1976 678 2006 et
690 1974 752 2007 Thesei
764 1975 811 2007 clava

67 2028 140 2060 trinodis
153 2028 199 2061 Ovio.
212 2029 247 2071 Ep.
255 2019 285 2061 IV.
299 2028 349 2062 115.“
372 2029 464 2061 Dissimilis
477 2029 530 2072 igitur
543 2029 558 2062 ei
571 2029 628 2062 arbori
640 2033 665 2063 est
680 2031 733 2073 scirpi
745 2034 810 2073 natura,

68 2086 88 2118 de
101 2096 133 2129 quo
145 2086 206 2118 Festus
220 2097 237 2129 p.
247 2089 289 2119 25t:
301 2086 383 2128 ‚,seirpus
391 2105 412 2109 —
421 2089 446 2119 est
456 2087 485 2128 id,
498 2088 543 2136 quod
556 2088 575 2119 in
587 2087 690 2129 palustribus
701 2089 744 2121 locis
756 2091 811 2122 nasci-

67 2135 95 2175 tur
106 2143 156 2175 lere
169 2145 186 2174 et
197 2154 315 2186 procerum
328 2163 355 2176 -.
379 2145 445 2177 Novius
458 2145 476 2176 in
486 2146 595 2177 Phoenissis:
613 2145 662 2178 Sume
676 2157 730 2179 arma:
748 2149 781 2179 iarn
793 2151 810 2180 te

67 2201 141 2233 occidam
155 2201 219 2233 clava
230 2201 336 2243 εοίαροαιι
347 2202 368 2234 cf.
380 2202 400 2234 fr.
414 2214 431 2244 p.
441 2206 474 2235 225
486 2203 536 2235 Ribb.
548 2214 564 2235 v.
574 2208 600 2236 79,

114 2259 143 2296 59)
157 2258 249 2292 Grareni
261 2258 337 2301 stipitem
353 2259 396 2292 dixit
408 2259 471 2292 Seneca
483 2259 534 2293 Herc.
546 2261 587 2293 Fur.
600 2264 650 2293 1232.
665 2263 714 2293 1024.
727 2264 771 2293 1085
789 2261 809 2294 cf.

67 2314 102 2347 Oet.
112 2318 151 2348 413.
174 2315 223 2359 Virg.
236 2316 277 2349 Aen.
290 2316 334 2358 ld,
351 2317 437 2360 pondus
452 2316 497 2350 idem
514 2317 550 2350 Oet.
568 2321 609 2351 787:
631 2317 736 2360 „posuitque
752 2317 809 2361 clavae

17 2417 19 2420 y
66 2372 148 2414 pondus“
165 2374 181 2404 et
197 2373 296 2415 pondera
313 2377 357 2407 1087
374 2374 401 2417 (cf.
418 2377 452 2406 not.
467 2375 506 2418 57.)
534 2373 606 2421 βριθὺ
620 2373 705 2422 ῥόπαλον
719 2375 810 2418 Antipater

65 2429 298 2471 nntu.Pa1.VH.aou,ass
325 2429 451 2477 βαρύποον
469 2432 547 2474 Philipp.
562 2433 573 2464 1,
582 2432 598 2464 d.
615 2431 666 2475 (quod
676 2432 743 2464 videtur
755 2434 810 2475 expli-

66 2497 104 2519 care
119 2486 176 2518 Schol.
193 2486 340 2520 Theoor.lX.23.
358 2500 374 2529 p.
384 2491 424 2530 303,
434 2493 464 2521 18:
485 2487 569 2536 ῥόπαλον
585 2489 607 2522 δέ
618 2489 668 2522 ἔστιν
679 2509 702 2512 -
715 2488 808 2537 ἑτερορρε-

65 2545 107 2586 net,
120 2543 138 2582 ἒξ
150 2540 190 2580 ἑνὸς
201 2546 267 2590 μέρους
279 2542 338 2592 ῥοπὴν
352 2545 395 2589 ἕχον
407 2547 437 2578 καὶ
449 2543 515 2590 βάρος·
527 2567 549 2570 -
562 2543 661 2593 βαρύτερον
672 2543 709 2594 γάρ
719 2546 757 2580 ἔστι
766 2550 809 2593 περὶ

65 2599 85 2635 τὸ
99 2597 171 2648 ἄκρον),
184 2599 299 2648 στιβαρόν
311 2603 367 2643 Apoll.
374 2603 406 2635 Rh.
414 2602 445 2636 IV.
455 2606 508 2637 1439:
522 2601 610 2650 στιβαρὸν
619 2602 635 2635 δ’
646 2602 688 2649 ἔχεν
697 2601 740 2642 dcun
749 2604 809 2647 ἐλαίης

66 2659 92 2700 (ut
107 2658 152 2701 apud
168 2659 239 2692 Aratum
256 2659 276 2691 de
293 2659 354 2691 Orione
372 2662 398 2691 est
415 2660 530 2697 Phaenssssax
547 2663 605 2707 ’θηρία
621 2658 682 2695 πάντα
698 2681 721 2685 —
733 2665 809 2708 στιβαρῇ

65 2715 156 2750 ἐπέκοπτε
173 2714 256 2764 κορύνῃ),
273 2712 358 2764 ῥόπαλον
375 2713 420 2750 αὖον
437 2737 459 2740 -
475 2716 563 2765 τρηχὺν
580 2737 602 2741 -
620 2717 726 2764 ιλμριέλαιαν
738 2719 808 2752 Theoer.

64 2772 120 2807 xxv.
134 2778 167 2808 255
181 2784 204 2817 sq.
