1780 2936
389 93 445 135 Caput
457 91 487 126 Vl.
766 77 807 114 ῙῙῙ

65 200 121 239 lovis
140 201 231 240 feserunt
257 200 388 248 mentionem,
414 197 448 249 qiu
468 196 583 234 fefellerunt
601 194 687 233 Rodium
704 194 725 232 in
743 191 809 244 llyrh.

65 283 83 322 p.
95 271 121 309 45
138 272 197 323 atque
212 270 278 322 ipsum
291 267 375 308 Cornuti
385 267 432 307 XV.
447 280 465 318 p.
478 267 505 304 57
521 278 560 316 sep:
579 260 616 318 τὴν
631 260 649 302 d'
661 256 731 316 Ἥραν
747 256 809 299 dlloa

65 335 163 380 διδόασιν
184 335 260 387 αὐταῖς
278 335 359 393 μητέρα
382 336 513 388 interpretem
532 332 636 372 Osannum
655 346 674 384 p.
691 335 744 381 271,
768 343 809 369 non

64 409 113 447 nem
124 407 258 449 Sohraderuru
268 407 374 447 Animadu.
388 407 413 445 ad
423 405 476 444 llus.
486 403 525 443 Lu.
541 417 560 456 p.
573 405 621 451 189,
637 400 734 441 Ooluthus
745 400 808 438 altero

64 478 107 516 loeo
123 482 205 517 ultr:
226 471 286 515 urent
301 487 335 525 σε,
358 475 424 529 μῆτερ
441 469 535 527 Ἄρηος,
555 466 592 511 ὑπ’
613 464 725 509 ὠδίνεσσιν
740 463 809 516 ἀέξειν

62 540 171 597 'Harudum
181 539 283 598 Χαρίτων
294 538 350 594 ἱερὸν
358 539 421 597 χορόν
433 544 453 581 et
461 542 546 582 Nonnus
553 539 636 580 XXXl.
648 539 700 577 185:
717 533 808 591 Μητέρα

65 609 179 666 Πασιθέης
194 608 265 665 §nytera
280 608 440 666 θαλαμηπόλων
450 606 523 664 Ἥρην.
553 610 610 649 Feoit
625 620 674 647 vero
690 606 808 658 llythogra-

64 683 116 733 plius
130 680 146 719 I.
158 684 205 721 132.
220 694 239 732 p.
251 682 289 729 42,
306 683 344 720 26:
366 679 504 732 „Iuppiter
520 680 563 718 tres
581 677 633 717 filias
649 676 744 715 habuisse
759 675 809 726 legi-

64 752 98 789 tur
119 763 171 789 euin
191 749 304 797 lunone,
328 745 416 789 famulas
436 748 533 799 Veneris,
559 760 642 800 quarum
662 745 742 801 nomina
762 746 810 783 sunt

64 811 169 869 Pasithea,
190 818 274 869 Aglaie,
299 817 451 871 Euphrosyne“
473 818 536 868 (codd.
559 815 678 867 Aegiale.
699 813 809 865 eugi'ale.

65 888 107 927 eod.
129 886 188 927 Bern.
211 900 241 940 ap.
262 885 346 926 Usener.
370 888 395 926 de
417 885 482 926 Sohol.
497 885 546 926 Hor.
567 900 585 938 p.
600 883 692 924 hallu:
712 883 809 935 „graciae

64 957 75 995 i.
87 970 102 995 e.
117 955 222 1005 Pasithea,
236 955 377 1006 Dositheo,
392 956 510 1008 Eyale“).
539 955 639 996 Nimirum
654 954 707 1006 quod
717 953 808 993 Vuluauo

66 1021 123 1076 (Cup.
143 1023 200 1064 Oloss.
216 1024 243 1064 H.
260 1029 278 1064 1.
300 1038 318 1077 p.
331 1028 371 1065 146
388 1038 416 1076 sq.
448 1024 528 1064 llluneh.
549 1026 570 1064 et
589 1022 643 1063 slav.
664 1022 720 1076 Hyg.
739 1036 758 1074 p.
776 1024 808 1061 12.

65 1095 105 1132 not.
117 1093 149 1143 3),
164 1094 217 1133 idem
232 1093 352 1145 intelligitur
368 1092 444 1134 Gratiis
460 1093 569 1143 aooidisse,
583 1094 607 1132 ut
621 1093 646 1131 ab
662 1092 706 1131 aliis
719 1091 809 1140 lunonis,

66 1162 91 1200 ab
116 1161 159 1200 aliis
177 1161 232 1202 louis
257 1164 278 1202 et
294 1162 377 1202 Iunonis
395 1162 448 1202 filiae
468 1163 587 1202 dicerentur.
622 1161 680 1207 Quae
700 1175 762 1213 quum
780 1161 809 1200 ita

68 1230 118 1279 sint,
138 1244 174 1282 pro
194 1232 298 1284 explorato
319 1232 382 1272 haheo
402 1244 475 1271 nomen
495 1232 550 1271 istud
571 1230 701 1270 Autonois
717 1231 738 1269 in
756 1230 809 1268 hune

66 1299 146 1338 niodum
172 1300 323 1340 dissoluendum
346 1313 402 1339 esse:
432 1302 474 1340 aut
495 1299 610 1340 Iunonis.
648 1299 706 1340 Unde
729 1301 808 1340 sublata

66 1370 206 1422 abstersaque,
222 1382 261 1422 qua
273 1369 322 1408 nihil
337 1370 462 1422 frequentius
475 1368 589 1420 inuidiam)
606 1369 684 1409 macula
698 1370 727 1409 sie
742 1382 808 1409 ernen-

66 1439 135 1478 daturu
151 1452 197 1478 euru
211 1439 277 1478 locuni
294 1439 389 1478 exhihere
404 1439 461 1478 lieet:

96 1506 161 1547 Sunt
183 1509 268 1547 autem
287 1509 339 1546 tres:
366 1507 470 1558 Pasithea,
490 1506 574 1559 Aglaie,
589 1506 735 1561 Euphrosyne,
753 1507 809 1547 Iouis

95 1578 120 1615 et
134 1576 242 1617 lunonis
257 1576 321 1626 filiae,
336 1576 422 1616 Veneris
438 1576 529 1616 faurrrlee.

65 1645 119 1684 Illud
140 1645 160 1684 in
183 1646 259 1685 ineerto
280 1644 383 1697 relinquo,
405 1646 473 1684 utrurn
494 1644 630 1685 Autonoes
652 1658 725 1685 nornen
747 1646 810 1685 semel

66 1715 172 1754 conflatum
191 1727 252 1754 eausa
273 1714 333 1754 fuerit
353 1715 433 1754 additae
451 1715 535 1753 subinde
555 1715 639 1754 uooulae
658 1717 683 1754 et
699 1729 723 1755 an
738 1717 809 1755 uerba:

65 1783 120 1822 louis
136 1786 161 1823 et
176 1783 282 1822 hutonois
298 1785 385 1835 arguant
398 1785 448 1823 haee
464 1784 510 1823 olirn
524 1785 599 1836 soripta
612 1784 684 1823 fuisse:
698 1785 769 1834 „loris
785 1787 810 1823 et

66 1851 232 1904 Enrynourae
249 1854 294 1891 ant
307 1851 390 1893 lunonis
406 1853 494 1900 filiae.“-

425 1987 447 2035 3.

123 2082 166 2122 Vix
179 2083 235 2123 iurat
250 2083 304 2122 abire
319 2096 332 2123 a
345 2084 461 2133 Laotantio,
477 2085 513 2124 sed
524 2085 645 2124 veniendum
661 2087 693 2124 est
708 2084 733 2123 ad
744 2083 809 2124 hur-

66 2151 122 2191 NAE
138 2153 265 2205 scriptorem,
285 2152 342 2192 ouius
362 2153 478 2193 memoriani
497 2155 608 2194 attuleruut
621 2155 748 2207 quaestiones
763 2153 778 2193 I.
791 2156 809 2194 5.

66 2235 84 2273 p.
96 2224 128 2260 21.
146 2225 178 2261 24.
194 2224 214 2262 et
224 2221 260 2261 IV.
274 2226 290 2260 1.
305 2235 324 2274 p.
337 2225 362 2262 62
374 2223 468 2274 agitatae.
498 2223 556 2269 Quale
567 2224 620 2263 enirn
630 2224 727 2275 leguntur
742 2237 760 2262 u.
773 2226 809 2263 80:

153 2291 180 2330 Hi
195 2292 268 2345 Tityon
282 2293 385 2343 septem
400 2293 492 2332 strauere
506 2294 525 2332 in
541 2293 612 2345 iugera
626 2293 712 2341 foedum,

65 2357 154 2411 Hauptio
169 2361 190 2399 in
205 2360 307 2400 Prooernio
324 2360 369 2401 Iud.
380 2361 444 2401 Leett.
456 2361 521 2401 Berol.
532 2362 609 2402 Aestii.
625 2364 686 2401 1854.
702 2375 721 2414 p.
733 2364 745 2400 7
759 2362 810 2401 haee

113 2539 142 2583 24)
155 2540 194 2574 Vid.
208 2542 267 2575 Heius.
281 2543 328 2577 Ouid.
342 2544 384 2577 Her.
396 2544 446 2577 XIX.
465 2548 503 2577 166.
518 2556 534 2588 p.
549 2549 587 2578 286.
612 2545 696 2578 Schwarz.
708 2546 754 2580 Plin.
768 2546 810 2580 Pan.

65 2598 120 2643 LXX.
135 2601 150 2630 6.
169 2609 186 2641 p.
198 2602 236 2631 344.
262 2600 342 2634 Goerenz.
358 2602 392 2634 Cio.
409 2602 448 2633 Fin.
460 2601 483 2634 Il.
496 2606 516 2644 8,
529 2606 555 2635 23.
580 2603 635 2635 Beier.
654 2602 685 2636 Off.
697 2604 721 2638 Π.
733 2608 767 2646 20,
783 2608 809 2637 69.

66 2655 114 2691 Quae
127 2659 182 2689 auteur
195 2656 215 2688 de
226 2657 293 2688 nemine
306 2657 398 2690 lunonis
411 2659 458 2691 varie
470 2659 561 2700 depravato
573 2661 601 2692 hio
611 2660 726 2702 disputaturos
735 2672 765 2693 nos
775 2672 810 2693 esse

66 2714 176 2756 promisimus
184 2714 246 2747 Eleott.
259 2713 324 2746 eLaot.
336 2726 353 2757 p.
364 2719 390 2757 19,
403 2726 422 2747 ea
435 2716 468 2748 ianr
480 2716 632 2750 Eniendationibus
642 2718 760 2761 Propertianis
773 2718 809 2750 fue-

65 2773 106 2802 runt
118 2771 221 2804 destinanda.
