1780 2936
387 117 442 161 Caput
454 116 493 150 VH.
772 105 812 144 131

72 225 203 264 abhorrerent
226 225 247 263 et
271 224 325 277 quod
347 224 467 264 invenerant
490 221 593 275 primus,
615 221 636 261 id
654 220 753 280 contrario
772 221 815 261 fere

70 294 161 347 incepto,
177 307 200 334 ao
211 306 229 334 u.
242 295 269 334 50
281 294 313 345 (3,
329 295 365 346 43)
378 293 484 333 Priamus
499 292 574 331 factum
589 292 621 330 est
635 290 723 332 Priamo
739 293 760 331 et
775 289 813 332 IV.

72 364 113 416 (V.)
126 367 158 414 11,
169 367 197 404 40
212 377 316 417 proauus
327 376 420 416 proauo,
431 365 454 403 ut
464 362 486 401 in
496 360 611 401 Emendatt.
622 360 679 413 Prop.
691 361 813 410 euiuoemus,

71 434 111 474 iam
124 434 200 473 nomini
214 433 344 473 Mercurio
362 432 505 484 adiungerent:
527 430 645 481 „Mercurio
666 431 730 471 fertur
746 431 812 484 Virgi-

70 516 131 543 ueum
145 504 226 556 primo
242 501 379 554 composuisse
394 501 448 540 latus
455 502 472 550 “,
487 514 549 552 quum
563 500 608 553 ipse
618 500 678 552 poeta
689 500 813 541 castissimae

71 572 157 624 virginis
172 573 237 611 famae
252 573 273 611 et
287 583 336 609 vere
352 571 372 610 et
388 571 470 621 egregie
485 569 620 609 consuluisset
635 569 700 608 hisce:

157 651 258 691 lllerourio
274 650 378 690 —fertur
393 649 506 690 Boebeidos
521 649 581 689 undis

178 720 299 772 Virgineum
314 718 408 759 Erimus
424 721 474 759 tam
489 718 605 772 placuisse
620 720 679 758 latus.

72 800 113 846 oui
127 800 180 839 idem
192 800 251 850 nihil,
268 800 321 852 quod
336 799 361 839 ad
374 830 385 850 a
392 799 497 839 obscenius
514 799 642 839 excitandam
652 799 747 839 hlerourii
757 802 814 840 natu-

71 871 130 909 ram“
146 869 193 921 (oio.
209 868 318 910 1111111,
329 870 365 920 22)
381 868 503 921 peculiarius
518 869 607 908 valuisse
618 868 728 918 uideretur,
742 868 814 909 afferre

71 938 146 992 potuit,
161 952 220 992 quam
235 939 302 978 visum
311 938 378 991 ipsum
388 938 503 990 virgineum
512 938 595 987 latus,
610 938 676 991 quode
687 938 815 978 eiu'stimatur

71 1008 104 1047 vel
123 1021 150 1047 ex
170 1008 196 1047 iis
209 1007 269 1057 loois,
290 1020 340 1058 quos
356 1009 525 1060 exprompseruut
541 1005 617 1046 Sauaro
633 1006 654 1045 in
669 1005 736 1047 Sidon.
748 1006 814 1060 Apoll.

72 1074 136 1116 Oarm.
147 1076 185 1116 Xl.
199 1079 231 1116 38.
250 1090 269 1129 p.
281 1078 323 1116 134
341 1089 369 1128 sq,
393 1078 414 1114 et
428 1075 533 1115 Brhardus
548 1076 569 1114 iu
585 1075 725 1117 Petron130.
741 1090 760 1129 p.
772 1079 814 1117 803

71 1158 94 1185 ao
111 1144 222 1198 Bupertius
241 1146 261 1184 iu
281 1144 372 1184 lurenal.
385 1143 419 1183 VI.
436 1147 468 1185 33.
488 1159 507 1197 p.
524 1139 566 1184 242
585 1145 607 1185 oi.
622 1144 687 1184 Noun.
702 1144 749 1185 XV.
766 1149 813 1186 228.

71 1228 89 1266 p.
100 1217 153 1255 426:
174 1211 221 1262 νέος
237 1209 379 1269 ἡμερόφοιοος
396 1207 448 1263 ἔχων
463 1205 567 1268 ἀκόρητον
584 1209 676 1268 ὀπωπὴν
687 1208 814 1255 mouentur

71 1279 166 1323 ἐδόκευεν
184 1278 297 1336 ἐλεύθερον
317 1276 396 1334 ἄντυγα
416 1280 494 1336 μηρῶν.
528 1281 617 1321 Easdem
636 1282 699 1333 igitur
720 1286 814 1323 narratur

71 1351 183 1390 Mercurius
194 1350 304 1403 voluptatis
314 1349 419 1388 illecebras
429 1350 531 1401 habuisse⁷
542 1363 598 1401 quas,
611 1363 636 1389 ne
647 1352 716 1403 plures
727 1351 815 1400 afferam,

72 1422 92 1459 et
102 1419 179 1472 Iupiter
194 1415 267 1473 (χρόα
281 1414 374 1458 πάντα
389 1414 473 1458 δόκενεν
483 1442 510 1447 m
524 1415 569 1458 Καὶ
580 1416 636 1467 Διὸς
647 1414 757 1472 αἰθερίοιο
766 1414 815 1468 νόος

71 1484 211 1540 pascuarios
231 1482 303 1541 ἕρπων
321 1482 464 1541 Νηχομένῃ
479 1482 585 1542 Σεμέλῃ
607 1484 729 1542 συνενήχετο
749 1488 813 1529 Noun.

71 1556 119 1597 VH.
135 1559 183 1596 263.
202 1569 221 1607 p.
238 1556 288 1606 215)
308 1557 336 1607 *et
354 1555 445 1594 Actaeon
466 1551 644 1610 (Λοοομένης
661 1550 745 1611 ἐνόησεν
766 1552 815 1597 ὅλον

71 1621 138 1677 δέμας
155 1619 266 1678 Ἰοχεοίοης
280 1623 305 1662 V.
317 1626 364 1662 304.
384 1637 403 1675 p.
415 1625 462 1663 158.
485 1625 532 1662 437.
551 1636 569 1675 p.
585 1627 633 1663 166.
665 1624 726 1664 Theb.
742 1625 813 1665 Parad.

71 1707 89 1745 p.
105 1696 153 1732 379,
178 1693 201 1732 oi.
216 1691 263 1732 XV.
280 1694 328 1731 248.
347 1705 365 1744 p.
377 1693 427 1743 426)
455 1693 476 1730 et
494 1691 634 1743 Agamemnon
651 1693 774 1746 Argynnum
793 1695 814 1734 iu

72 1761 157 1815 Cephiso
181 1762 284 1800 natantem
308 1760 444 1813 conspicatus:
469 1761 603 1800 leuantem
627 1761 680 1800 enim
701 1763 726 1801 iu
748 1762 814 1802 Boe-

71 1830 149 1869 beide
163 1830 243 1869 uiderat
257 1829 399 1868 Pheraeum
413 1829 490 1868 deam.
520 1830 551 1867 Be
572 1842 611 1882 qua
623 1830 724 1870 mentione
739 1843 813 1883 operae

71 1898 159 1951 pretium
182 1899 214 1936 est
236 1910 359 1951 proponere,
381 1910 432 1949 quae
455 1897 566 1949 disputarit
586 1897 699 1937 Lobeohius
715 1897 814 1952 Aglaoph.

71 1981 90 2020 p.
102 1969 167 2007 1213:
189 1965 272 2018 „Prop.:
296 1965 396 2005 llerourio
421 1968 441 2005 et
462 1966 564 2005 sanctis
584 1966 648 2005 fertur
666 1966 814 2007 Boebeidos

71 2035 131 2074 undis
155 2034 275 2085 Virgineum
298 2033 384 2074 Brimo
410 2035 583 2087 composuisse
607 2036 687 2075 latus:
708 2035 743 2075 vix
763 2037 815 2076 euim

72 2103 158 2143 dubitari
176 2104 244 2155 potest
262 2102 309 2154 quin
329 2102 411 2142 Brimus
430 2103 527 2142 vocabulo
549 2103 586 2142 dea
601 2104 749 2143 demonstretur
764 2104 814 2144 Phe-

72 2184 120 2212 raea
135 2171 232 2211 Boebeidi
250 2171 316 2210 uicina
336 2173 447 2222 eademque
462 2172 487 2210 ab
502 2171 661 2211 Atheniensibus
677 2185 700 2212 ao
716 2171 814 2224 Sicyoniis

73 2244 94 2280 et
113 2239 196 2291 Argiuis
213 2239 277 2289 cula,
298 2252 357 2291 quam
376 2239 410 2279 alii
429 2239 571 2292 Proserpinam
589 2241 757 2293 interpretantur,
782 2241 816 2280 alii

72 2384 137 2417 laudan·
153 2385 250 2416 Burmanno
266 2384 285 2415 in
299 2383 351 2424 Prop,
369 2389 386 2425 p'.
398 2385 431 2415 238
447 2382 467 2415 of.
483 2384 501 2415 in
513 2384 564 2415 Anth.
577 2383 614 2415 Lat.
628 2382 649 2415 V.
660 2385 690 2423 83,
704 2385 731 2414 25.
748 2393 765 2423 p.
775 2387 815 2417 563.

72 2432 98 2473 De
111 2450 130 2473 ea
141 2443 197 2473 autem
210 2439 343 2481 permutatione,
359 2448 409 2481 quam
422 2439 504 2479 dirimue7
517 2440 550 2472 vid.
562 2439 614 2472 Drak.
628 2438 664 2471 Liv.
675 2438 746 2478 1114,
761 2443 782 2472 10
795 2440 815 2472 cf.

72 2498 124 2540 Prop.
137 2496 187 2536 Iun,
200 2499 221 2528 35
243 2495 367 2528 contulerunt.
387 2495 435 2527 codd.
450 2496 510 2529 Heius.
529 2499 545 2529 et
560 2497 619 2529 Burm.
637 2506 728 2528 seucum
740 2496 816 2530 tulerint.

75 2558 104 2597 11,
120 2557 130 2586 5
143 2563 187 2585 eum
198 2552 280 2595 adspexit.
302 2552 362 2584 Heius.
375 2554 391 2582 et
402 2553 460 2585 Burm.
473 2563 499 2594 pr.
515 2553 620 2594 conspexit.
632 2554 649 2583 et
661 2556 682 2592 8,
697 2556 717 2585 23
733 2552 816 2596 (Heitzb.)

74 2622 127 2644 cunr:
142 2613 191 2643 tam.
215 2609 247 2642 HI.
261 2614 281 2650 4,
293 2612 314 2641 39
328 2608 429 2641 consimili.
454 2611 536 2652 Groning.
550 2620 594 2641 cum
606 2608 663 2642 simili.
677 2610 715 2643 add.
727 2609 751 2643 H.
765 2614 815 2653 ro,·3

73 2672 116 2701 tam
127 2667 204 2710 graciles.
216 2667 252 2698 cod.
262 2667 328 2698 Passer.
341 2668 387 2697 tum.
410 2670 473 2706 13³24
485 2666 592 2699 tamfoedo.
611 2666 708 2700 Exolllod.
720 2669 769 2699 tum.
789 2670 817 2707 25,

75 2730 95 2758 11
111 2727 153 2757 tam
166 2727 217 2757 certa.
234 2724 278 2765 Reg.
287 2726 334 2755 tum.
346 2721 434 2755 Weidner.
449 2723 490 2755 (hit.
503 2723 619 2765 Scriptionum
632 2724 681 2766 Sper.
695 2735 712 2766 p.
721 2727 742 2755 15
755 2718 817 2764 Progr.

75 2782 195 2815 Golon.1854.

648 2834 678 2877 9³1<
