1780 2885
97 61 124 98 13
429 70 484 112 Caput
495 70 509 104 Ι,

96 173 140 212 roni
162 172 266 226 subjungit
290 172 429 227 Sisyphum
448 172 560 226 Gregorius
579 175 641 229 Nyss.
661 176 698 230 Ep.
714 178 730 218 Ι.
753 182 835 233 psat.

96 241 120 281 A.
135 241 226 282 Galland.
246 242 290 282 Vol.
301 243 337 282 VI.
348 242 363 294 ³)
398 243 478 283 Rursus
493 243 567 283 Siuidis
587 249 608 284 et
622 244 708 285 Scironis
724 249 835 289 nominibus

96 311 175 363 subjicit
186 311 298 364 Tityrum,
314 312 416 362 Cacum,
429 313 560 353 Antaeum
571 313 690 353 Eustathius
700 315 720 353 in
731 315 754 355 ll.
760 317 776 356 I.
788 320 835 357 591.

96 394 114 432 p.
126 381 174 430 158,
185 383 223 430 21,
243 381 266 419 ut
284 381 305 419 in
320 381 385 433 rapite
399 381 450 422 Ha
472 382 560 432 dicetur,
577 382 688 422 Busirin
708 386 728 423 et
742 383 836 424 Phala-

96 448 418 488 1·idemLuoianusBis.hccus.
430 452 448 489 8.
463 463 482 502 p.
494 452 526 490 57.
541 450 586 490 Vol.
596 450 655 491 Vll:
672 452 774 492 eododem
784 449 836 492 daei-

95 530 128 557 uoc
151 512 231 566 πάντες
250 511 270 557 οἱ
286 513 402 569 Σκείρωνες
419 515 455 557 acri
469 516 636 571 Πιτυοκάμπται
657 517 694 560 καὶ
709 515 837 574 Βουσίριδες

96 582 132 625 καὶ
144 583 264 640 Φαλάριδες
279 587 327 625 conf.
338 586 413 625 Aneod.
423 584 461 625 Ox.
472 587 511 627 Ill.
526 601 544 639 p.
555 590 603 627 412.
620 586 724 641 Capitolin.
733 589 835 629 hlaximin.

97 656 119 694 8:
134 657 191 704 ⁷‚tam
206 654 292 694 crudelis
307 654 350 704 fuit,
364 656 387 694 ut
399 655 455 694 illum
470 655 503 694 alii
512 679 540 684 —
550 655 669 706 Busiridem,
684 658 718 697 alii
728 657 837 708 Seironem

95 725 185 763 nonnulli
195 724 288 763 Phalarin
298 747 326 752 —
341 726 449 763 uocarent‘
459 727 480 763 et
489 726 570 776 praeter
585 726 621 764 hos
632 726 781 765 Diomedem
792 726 836 766 Sta-

95 792 141 841 tius,
157 792 190 843 qui
204 792 281 831 Palicos
297 805 333 844 pro
348 792 453 832 Phalaride
467 792 529 843 affert,
541 793 602 833 Theb.
611 793 660 832 ΧΠ.
672 795 725 834 155;
737 796 836 844 „immites

96 861 301 900 citiusBusiridos
315 873 360 900 aras
371 859 524 913 Odrysiique
534 855 609 902 famem
623 863 710 902 stabuli
720 862 836 903 Siculos-

96 944 134 981 que
152 930 220 969 licebit
233 930 324 969 Exorare
337 930 403 969 deos“.
430 929 531 969 Lucienus
544 930 591 969 Ver.
606 930 659 970 Hist.
668 931 696 970 Π,
706 934 739 971 23.
753 946 772 984 p.
788 935 835 972 283.

96 998 140 1038 Vol.
151 997 198 1038 N:
213 993 315 1053 ἡγεῖσθαι
329 994 352 1038 δὲ
364 989 432 1038 οὔτῶν
442 993 538 1051 Φάλαρίν
546 1012 570 1038 τε
578 996 615 1038 τὸν
624 991 789 1052 Ἀκραγαντῖνον
798 997 836 1039 καὶ

96 1064 199 1121 Βούσιριν
210 1063 377 1119 εδινΑἱγῦπτιον
385 1063 421 1106 καὶ
428 1063 537 1122 Διομήδην
547 1065 584 1107 cdv
594 1067 670 1124 Θρᾷκα
679 1065 715 1108 aot
724 1066 775 1117 τοὺς
784 1065 835 1122 περὶ

95 1131 202 1189 Σκείρωνα
217 1132 252 1174 aad
268 1123 446 1190 Πιτιοκάμπιῃο·,
465 1139 488 1175 ut
503 1134 625 1175 Claudianus
639 1138 660 1176 in
677 1137 743 1176 Rufin.
753 1138 769 1177 I.
782 1140 834 1178 251:

95 1204 163 1255 „de
177 1205 218 1243 tale
232 1205 330 1243 immanes
344 1216 438 1255 umquam
449 1204 539 1255 gessisse
548 1205 639 1243 feruutur
653 1204 690 1244 Vel
703 1203 771 1244 Sinis
781 1205 834 1245 Isth-

94 1274 158 1312 miaca
173 1273 221 1325 pinu
235 1273 269 1312 vel
285 1286 335 1324 rupe
349 1272 447 1324 profunda
457 1271 549 1311 Sciron
562 1272 596 1311 vel
605 1273 724 1313 Phalaris
733 1275 791 1313 tauro
801 1274 834 1313 vel

95 1353 175 1380 carcere
185 1340 254 1380 Sulla?
273 1339 289 1379 O
302 1343 362 1379 mites
370 1340 473 1379 Diomedis
484 1341 535 1392 equi,
545 1340 676 1380 Busiridis
687 1354 734 1380 arae
743 1340 834 1381 Clemen-

95 1411 143 1448 tes“
158 1412 191 1459 (ex
206 1423 244 1462 quo
254 1409 296 1448 loco
306 1409 372 1448 minus
383 1408 447 1461 perite
457 1409 506 1447 haec
515 1409 615 1448 derivarit
624 1409 645 1448 in
654 1408 740 1449 Heroioa
750 1422 787 1449 sua
797 1409 833 1449 IV.

94 1493 113 1531 p.
126 1481 167 1518 ooo
181 1477 288 1535 Barlaeus:
304 1510 314 1527 ,7
321 1477 403 1517 Saeviet
418 1478 439 1516 iu
449 1479 507 1516 tauro
517 1477 614 1527 Phalaris,
628 1478 649 1517 in
664 1491 768 1518 carcere
780 1478 833 1518 Sci-

94 1560 152 1597 rou,
168 1545 252 1586 Occulta
262 1548 299 1585 sub
309 1559 360 1598 rupe
371 1545 423 1585 Sinis
435 1546 530 1597 dirusque
540 1545 670 1585 Procrustes“
680 1547 730 1586 conf.
740 1546 797 1597 areg.
806 1546 843 1597 H.¹

94 1631 113 1668 p.
125 1618 158 1655 88.
188 1614 307 1664 „Barbarus
322 1619 354 1654 est
363 1614 454 1654 Phalaris
462 1614 617 1666 harbaricnsque
627 1613 679 1654 Sinis
685 1616 711 1665 “l.
736 1614 833 1668 Neoplu-

140 1764 157 1803 tl
169 1765 201 1796 Rei
218 1765 286 1797 minime
298 1764 380 1806 protritae
392 1773 442 1794 unum
455 1765 540 1794 auctorem
552 1763 600 1795 novit
613 1763 691 1795 Staverus
703 1763 722 1795 iu
732 1762 796 1806 Hygin.
806 1766 832 1794 60.

93 1832 109 1863 p.
121 1825 158 1853 126.
171 1824 206 1853 not.
215 1826 230 1853 9.
253 1821 386 1853 Lactantium
398 1820 417 1851 in
430 1819 473 1850 Stat.
487 1819 539 1851 Theb.
547 1819 571 1851 Π.
581 1823 622 1852 330:
635 1830 684 1861 „cum
695 1820 740 1851 inter
752 1819 785 1850 dno
797 1829 832 1851 ma-

92 1878 118 1910 rie
130 1881 203 1909 montem
215 1878 290 1920 positum
303 1877 386 1920 Sisyphus
397 1875 461 1907 crudeli
474 1876 563 1908 latrocinio
572 1879 670 1917 occupasset
679 1877 717 1918 (hac
726 1875 770 1908 enim
778 1886 833 1917 poena

92 1934 188 1967 mortalium
203 1935 311 1976 pascebatur,
334 1937 355 1965 nt
371 1933 448 1974 hospites
464 1943 577 1973 praegravans
590 1933 656 1974 ingenti
674 1943 713 1965 saxo
730 1933 831 1972 necaret),
878 1946 879 1949 ¹

91 1991 158 2023 tandem
170 1991 194 2022 ab
207 1991 294 2023 accolis
307 1990 419 2032 occisus“;
436 1990 460 2021 sic
473 1990 517 2021 euim
530 2001 568 2021 eum
580 1990 636 2022 locum
648 1992 665 2022 et
681 1989 801 2022 emendandum
815 1993 832 2022 et

92 2049 204 2090 supplendum
221 2059 257 2079 esse
275 2058 305 2079 sno
322 2048 360 2079 loco
373 2046 475 2079 docebimus.
501 2046 534 2078 Sed
547 2050 698 2079 commemorarunt
709 2047 729 2079 de
742 2046 832 2089 Sisyphi

90 2105 227 2137 latrociniis
237 2105 286 2136 etiam
296 2104 432 2148 Mythographus
440 2103 454 2135 Ι.
463 2107 501 2136 165.
515 2114 532 2145 p.
541 2108 569 2144 52,
579 2108 609 2136 19:
623 2105 680 2146 „apud
688 2104 750 2136 inferos
758 2103 833 2144 lapidem

91 2162 171 2203 grandem
182 2161 244 2200 volvit,
259 2162 298 2203 quia
308 2161 390 2193 multos
403 2161 494 2203 ingenti
505 2171 554 2193 saxo
565 2160 672 2193 uecarit.“
685 2160 708 2193 ΙΙ.
718 2163 755 2194 105,
768 2170 784 2201 p.
793 2163 831 2199 110,

45 2250 48 2252 .
91 2222 110 2250 3:
122 2229 184 2261 „tynum
196 2218 286 2250 interduo
299 2218 357 2258 maria,
370 2217 473 2261 Sisypheum
485 2218 550 2249 scilicet
563 2220 580 2249 ct
587 2217 688 2259 Lechaeum,
700 2217 775 2259 positum
783 2226 831 2247 mou-

90 2280 124 2307 tem
136 2275 219 2319 Sisyphus
232 2275 296 2307 crudeli
307 2275 397 2307 latrocinio
406 2278 514 2317 occupasset,
526 2275 602 2306 homines
611 2277 737 2317 praetereuntes
749 2275 772 2305 in
776 2283 830 2315 gens

91 2343 163 2365 saxum
177 2343 241 2373 snper
253 2343 289 2363 eos
302 2332 480 2373 praecipitando
498 2333 557 2363 solitus
575 2334 707 2363 eratneoore.
732 2330 782 2366 Quod
795 2341 830 2362 sce-

89 2389 116 2420 lus
132 2388 193 2420 luendo
210 2388 271 2420 dicitur
288 2388 333 2430 epud
349 2388 411 2420 inferos
429 2391 487 2420 contra
504 2389 566 2420 montis
578 2388 657 2420 verticem
670 2399 728 2420 saxum
741 2387 829 2428 volveret

90 2457 161 2487 quorum
177 2446 224 2488 prior
240 2456 280 2487 pars
293 2456 330 2477 cum
342 2445 431 2478 Lactantio
443 2445 533 2488 insigniter
546 2444 624 2477 concinit.
632 2443 665 2476 111.
676 2448 709 2487 a‚5
723 2455 739 2486 p.
750 2448 789 2485 177,
799 2447 829 2475 11:

88 2503 183 2546 „Sisyphus
196 2513 226 2544 per
237 2502 345 2534 latrocinium
356 2512 428 2543 poenam
440 2502 487 2535 illam
499 2502 589 2534 incurrisse
598 2512 632 2533 nou
640 2501 733 2542 incongrue
742 2499 829 2532 diciride-

87 2562 131 2597 Δι111“
142 2562 159 2591 et
172 2560 201 2601 qni
213 2559 283 2602 Sisyphi
294 2559 397 2591 mentionem
411 2559 478 2591 Sciroui
491 2562 507 2590 et
520 2558 611 2601 Geroyoni,
628 2558 746 2604 famosissimis
759 2554 829 2587 latroni-

89 2616 128 2657 hus,
146 2615 227 2658 subjecit,
243 2616 334 2659 Gregorius
346 2616 433 2659 Nyssenus
444 2616 456 2648 1.
466 2615 481 2648 d.
506 2615 553 2649 Conf.
568 2616 624 2647 Natal.
642 2615 688 2647 Com.
700 2611 829 2657 Myth.Vl.1r.

88 2684 104 2714 p.
113 2675 155 2705 650:
166 2673 213 2713 „Alii
221 2673 299 2715 inquiunt
306 2672 434 2705 illumrariis
445 2676 607 2705 tormentorum
619 2668 828 2713 generibushospi-

86 2731 130 2770 tes,
144 2729 173 2771 qui
184 2717 205 2762 ad
216 2729 264 2761 illum
277 2730 395 2770 accessissent,
408 2729 504 2762 excruciare
517 2729 601 2761 solitunr.“
