1780 2885
69 95 111 133 168
380 104 435 146 Caput
448 104 497 138 VIII.

68 208 141 257 talem,
163 207 227 259 qualis
247 208 285 247 fnit
305 211 377 261 poetae
397 208 492 250 Hesiodi:
517 211 589 250 eodem
608 210 666 250 modo
690 209 808 249 Aonides

69 289 132 329 aquae
146 275 211 329 Asopi
227 277 284 316 fluuii
298 291 310 317 a
325 277 389 318 Statio
405 279 498 319 dicuntur
509 279 570 319 Theb.
581 279 628 319 VH.
640 281 690 330 730)
704 281 739 318 aut
749 279 808 318 illud:

69 345 194 398 Argolico
204 346 266 385 iacuit
275 347 347 400 pulsus
359 371 386 376 -
399 361 472 388 ramo.
499 348 559 395 Quod
568 362 607 401 quo
622 349 688 401 magis
697 348 735 388 fuit
743 361 808 401 prom-

69 417 127 468 ptum
142 415 310 468 et'propositum,
325 429 349 456 eo
361 417 436 457 maiore
452 430 500 457 cura
515 421 536 457 et
546 418 649 458 subtiliore
660 417 754 458 scientiae
764 430 808 469 per-

69 484 205 536 vestigatione
223 485 245 525 id
266 486 376 525 eruendum
395 488 435 538 est,
455 487 509 539 quod
528 489 625 540 sequutus
644 488 704 540 poeta
717 486 810 526 rideatur

69 553 199 593 blaenalii
220 555 270 594 rami
291 556 414 595 mentionem
431 556 542 596 inchoasse.
577 556 660 596 Nullum
681 556 748 595 autem
764 554 810 593 huic

71 623 137 663 studio
153 624 274 676 stipendium
289 625 373 664 contulit
390 624 455 665 Oerda
468 626 500 665 his
516 626 632 665 defunctus:
649 625 724 677 „Prop
737 624 811 676 indicat

70 693 174 732 inventam
189 693 211 731 in
225 692 329 743 hlaenalo,
345 694 379 746 qni
391 707 448 734 mons
463 695 484 733 in
494 695 591 743 Arcadia3
608 707 655 733 nam
665 695 724 733 vocat
733 706 811 733 ramum

70 762 210 801 Maenalium.“
239 761 282 801 Nec
301 763 373 802 idonea
392 762 432 802 fide
452 777 488 816 pro
501 764 555 803 uirili
568 766 627 816 parte
642 763 740 803 tributum
754 763 811 802 uobis

70 831 186 881 intulerunt,
198 831 232 883 qui
241 831 297 870 aiunt
307 832 414 884 „stipitem
425 833 450 871 ab
459 832 547 884 Hercule
558 833 649 871 excisum
664 845 709 870 esse
723 833 745 870 in
755 831 811 870 llae-

70 900 126 949 nalc,
142 913 187 939 cum
200 913 281 940 cervam
296 901 411 954 aeripedem
428 904 507 954 captam
517 902 580 941 vellet
589 901 705 954 pcrimere“
719 900 811 951 (Forcell.

71 969 115 1010 Tot.
129 969 173 1009 Lat.
184 969 233 1009 Lex.
241 969 279 1009 HI.
289 985 308 1023 p.
317 972 346 1019 3);
362 983 409 1009 nam
419 984 491 1010 cervae
503 971 611 1023 capiendae
620 984 661 1010 non
670 970 742 1021 magis,
753 982 812 1021 quam

70 1037 203 1091 Erymanthio
219 1052 279 1091 apro,
294 1040 320 1078 de
330 1053 368 1091 qno
378 1040 430 1079 infra
440 1041 526 1089 dicetur,
541 1042 619 1080 clavam
628 1039 737 1078 adhibitam
748 1038 811 1077 frn'sse

71 1111 195 1160 compertum
204 1107 271 1158 est.'0)
294 1108 337 1147 Nec
346 1109 381 1147 illa
391 1110 472 1160 quidem
482 1122 505 1148 re
514 1110 622 1161 quidquam
634 1108 743 1160 proficitur,
759 1107 812 1158 quod

71 1179 92 1217 in
101 1191 182 1216 nummo
190 1175 361 1229 Stymphaliorum
371 1177 469 1218 Hercules
480 1179 568 1217 cernitur
576 1178 660 1226 „dextra
669 1178 747 1217 olavam
755 1177 812 1215 attol-

71 1247 127 1286 lens“
137 1246 200 1286 Eclrh.
210 1246 277 1286 Doctr.
287 1246 367 1286 Numm.
377 1246 404 1286 H.
419 1262 438 1300 p.
450 1251 497 1287 237.
516 1247 600 1296 Verum,
610 1247 631 1286 id
641 1246 694 1297 quod
705 1245 814 1284 maximnm

50 1316 51 1319 ’
73 1318 110 1365 est,
126 1316 213 1355 omnium
226 1317 308 1368 praeter
317 1314 421 1355 Sidonium
430 1316 529 1355 711189
546 1317 577 1354 est
587 1315 713 1354 consentiens
724 1314 776 1353 fama
788 1314 813 1353 de

72 1384 161 1425 Hercule
181 1387 225 1424 tum
245 1384 303 1424 clava
322 1385 410 1434 armato,
432 1399 493 1435 quum
510 1385 536 1424 ad
550 1385 629 1423 leonem
645 1384 755 1423 tollendum
769 1383 813 1432 iret,
839 1408 842 1410 —

121 1508 149 1552 70)
161 1508 216 1551 Heyn.
228 1507 308 1549 Apollod.
317 1506 340 1539 Π.
350 1511 366 1548 5,
375 1510 390 1539 3.
402 1518 420 1549 p.
430 1509 463 1539 343
476 1517 501 1550 sq.
525 1506 575 1540 Diod.
584 1506 614 1541 IV.
627 1517 644 1548 p.
653 1509 693 1547 239,
703 1509 730 1539 75.
756 1504 813 1541 Quint.

73 1567 138 1610 smym.
147 1557 177 1598 VI.
186 1569 219 1598 225
232 1567 248 1597 et
259 1565 314 1597 Tzeta.
329 1565 372 1597 chri.
380 1564 404 1596 Π.
414 1567 452 1596 265.
465 1575 481 1606 p.
491 1567 512 1597 ar
530 1564 550 1596 of.
563 1563 682 1597 Nonam.
692 1566 731 1595 232.
744 1574 760 1605 p⁴
770 1566 813 1595 aar:

73 1623 165 1668 Ἡρακλῆα
179 1624 222 1667 μιῆς
234 1619 312 1666 ἐλάφοιο
326 1624 389 1665 (parim
400 1624 417 1652 et
430 1621 459 1662 qui
471 1621 542 1662 sagittas
554 1621 663 1662 memorarit,
677 1620 738 1652 Sidon.
748 1621 760 1651 l.
769 1620 814 1651 infra

72 1681 121 1713 IX.1
139 1680 184 1713 affer.
209 1679 279 1712 Cervam
295 1678 429 1711 Maenaliam
443 1680 504 1710 vocant
521 1679 594 1720 scriptor
609 1678 670 1720 Epigr.
680 1682 711 1717 91,
724 1681 741 1710 6.
762 1677 814 1708 Anth.

72 1738 120 1771 Plan.
133 1749 149 1780 p.
159 1740 191 1771 651
204 1739 231 1777 et,
246 1736 275 1779 qui
286 1735 331 1777 fugit
344 1735 464 1779 Spanhemium
477 1734 542 1769 Gallim,
555 1734 605 1768 Dian.
615 1737 652 1767 109.
665 1746 682 1776 p.
692 1737 735 1776 211,
751 1733 814 1767 Seneca

73 1795 124 1828 Herc.
141 1795 181 1827 Fur.
191 1797 223 1826 222
237 1796 254 1826 et
267 1793 302 1826 Oet.
313 1796 342 1835 17,
362 1792 393 1825 alii
406 1792 535 1836 Geryneam,
553 1794 573 1825 ut
584 1791 683 1824 Heraclides
697 1790 752 1833 Alleg.
764 1791 814 1823 Hom.

73 1864 90 1896 p.
99 1856 137 1886 453.
161 1852 229 1886 Mnnclr.
246 1851 292 1894 Hyg.
306 1854 333 1882 30.
351 1861 369 1892 p.
383 1854 405 1883 84
422 1852 438 1882 ct
455 1849 551 1882 Scholiasta
562 1849 611 1883 Pind.
625 1849 652 1881 Ol.
665 1848 733 1881 11152.
745 1858 763 1890 p.
773 1851 814 1880 101:

74 1911 156 1943 ἐκαλεῖτο
167 1908 187 1941 δὲ
199 1908 209 1950 ἡ
224 1908 292 1952 ἔλαφος
305 1911 379 1953 nappin
390 1907 409 1939 id
421 1910 454 1946 est,
468 1910 487 1938 ut
498 1918 530 1948 ego
541 1906 621 1947 arbitror,
633 1908 698 1953 κερυί
702 1917 713 1936 α
723 1904 748 1947 (ut
758 1901 815 1937 καλά-

72 1973 118 2012 βρω
124 1980 146 1999 ar
156 1967 209 1999 nfich.
222 1966 274 2009 Syng.
286 1966 304 1997 in
311 1965 362 1998 Dion.
375 1965 437 2007 Areop.
449 1975 466 2005 p.
476 1968 514 1997 367.
528 1965 609 2008 repeda:
622 1965 694 2007 νεαρῶν
702 1962 764 1994 Anecd.
776 1963 815 1994 Par.

72 2026 86 2058 1.
99 2038 115 2068 p.
125 2028 168 2067 173,
181 2028 208 2057 25.
227 2020 330 2056 mirarier:
343 2018 451 2064 κατεβόων
459 2022 482 2054 11.
495 2032 512 2063 p.
522 2024 553 2062 33,
563 2024 588 2053 11.
607 2020 659 2053 Theb.
667 2019 728 2053 Parad.
740 2031 758 2062 p.
768 2019 815 2062 433),

73 2080 194 2128 Κερύνεια
210 2081 231 2113 cf.
244 2080 318 2113 Lobeck.
330 2079 386 2112 Paral.
395 2078 434 2113 VH.
443 2082 458 2111 3.
474 2081 544 2121 praa,
560 2077 719 2111 Parrhasidem
731 2077 769 2110 Sen.
782 2077 815 2118 Ag.

74 2145 112 2173 331.
135 2138 284 2171 Partheniam
297 2137 367 2170 Ovidius
378 2135 460 2169 hleth.
471 2140 514 2178 188,
527 2135 655 2177 Argolicam
667 2134 706 2175 alii,
720 2133 815 2177 quosinfra

73 2198 166 2231 afferemus.
192 2197 225 2229 Sed
240 2195 335 2228 adiicienda
348 2196 387 2227 sunt
399 2195 450 2227 rerba
463 2194 606 2226 Scholiastae
618 2192 667 2225 Pind.
677 2193 689 2225 1.
699 2192 723 2224 d.:
736 2189 814 2234 θήλειαν

74 2256 93 2289 δὲ
107 2254 148 2289 εἷπε
161 2255 193 2288 καὶ
204 2255 324 2301 χρυσοκέρων
340 2249 378 2285 rimi
389 2249 499 2298 Ἰστρίας·
518 2249 528 2283 ὁ
541 2249 578 2296 γὰρ
594 2247 678 2292 Θησηΐδα
690 2246 765 2294 γράψας
777 2261 814 2281 τοι·

56 2350 58 2353 ,
73 2311 129 2355 αὐτην
146 2309 203 2353 αὐτὴν
218 2312 266 2356 λέγει
285 2310 317 2343 καὶ
328 2308 445 2356 Πείσανδρος
463 2307 472 2341 o‘
489 2305 594 2353 Καμειρεὺς
608 2307 639 2340 καὶ
654 2303 767 2354 Φερεκύδης,
781 2317 814 2349 quo

73 2372 107 2403 iam
119 2370 137 2402 id
149 2370 219 2411 titium,
232 2368 259 2400 cui
271 2369 383 2411 pepercerant
394 2365 490 2399 Boeokhins
507 2367 524 2398 et
535 2364 635 2397 Ducbnerns
646 2363 665 2396 in
677 2363 754 2398 Pisandr.
767 2364 788 2397 fr.
798 2368 813 2397 2.

74 2433 106 2470 p.7
117 2438 183 2459 -nanr
193 2427 279 2459 Sturzium
286 2425 331 2466 fugit
338 2424 450 2467 Pherecydeis
460 2423 491 2455 illa
500 2423 560 2455 addere
571 2440 597 2462 -,
610 2422 705 2463 corrigatur
713 2423 746 2454 hoe
754 2422 814 2455 modo:

73 2485 114 2518 εἷπε
128 2486 246 2531 parcendam
261 2480 299 2516 drab
317 2483 432 2529 ἱστορίας.
456 2480 482 2512 De
498 2491 569 2522 quorum
580 2479 670 2511 verborum
683 2479 766 2512 sententia
779 2481 813 2512 dis-

73 2543 155 2577 seruimus
168 2542 217 2574 Anal.
232 2542 285 2583 Prop.
294 2539 334 2572 XH.
352 2551 370 2581 p.
379 2542 400 2571 92
419 2537 456 2571 add.
469 2537 525 2571 Sobel.
538 2535 687 2570 TheocrHL15.
702 2540 772 2578 p.137,
786 2540 812 2569 22.

71 2600 150 2634 Eundem
166 2598 270 2631 Boeckhium
288 2597 350 2631 fefellit
364 2595 473 2629 librariorum
489 2605 536 2628 error
551 2593 622 2629 Sahal.
638 2593 688 2638 Pyth.
702 2593 733 2627 IV.
742 2597 781 2627 246.
796 2604 813 2635 p.

72 2662 113 2692 358:
133 2653 217 2699 Haradu
233 2653 303 2698 —pdrd
319 2656 376 2700 μέσης
394 2656 425 2695 τῆς
441 2649 512 2690 πόλεως
528 2652 591 2699 ῥέοντα
608 2661 627 2683 ea
643 2650 729 2684 tollendus
741 2650 813 2692 ratione,

71 2727 121 2761 quam
137 2715 201 2749 indicat
215 2713 349 2746 Sabellam.
367 2714 436 2754 p.402:
454 2709 557 2756 Περραιβία
568 2707 752 2758 τετριέπολιςτης
766 2708 813 2739 Θεσ-

72 2776 142 2811 σαλίας.
156 2799 158 2803 .
