1780 2885
96 48 137 87 162
367 86 369 89 .
413 56 468 100 capua
480 57 528 93 vm.

98 176 140 202 rem
165 164 243 212 narrat,
268 162 285 201 si
311 163 335 201 ah
354 162 467 203 Arcadibus
493 164 561 204 scribit
585 163 727 204 Thebanorum
750 164 839 204 habitum

99 232 173 271 10001
191 232 230 271 1510
251 232 357 272 dumtaxat
376 232 445 273 clavae
463 233 565 285 insigni
587 234 629 273 suis
649 235 735 273 scutis
749 233 839 273 addito

99 302 213 341 simulatum
232 301 308 341 fuisse?
337 301 409 341 Eidem
427 315 494 342 nonne
509 305 603 343 constans
619 301 742 343 Graecorum
757 315 840 342 consue<

98 372 146 411 tudo
160 372 262 423 repugnat
275 367 361 425 ῥόπαλα
376 366 487 421 ἔχοντες
500 385 541 412 000
556 373 601 412 11105
617 367 735 421 dicentium,
751 371 785 424 qui
799 370 840 422 cly-

99 442 142 494 peis
159 441 200 480 suis
214 440 334 493 insculptam
348 441 423 480 habent
437 441 506 481 clavae
520 441 612 494 effigiem,
630 442 667 482 sed
681 455 722 492 eos,
736 441 770 494 qui
784 440 841 479 suis

99 511 218 551 manibus
235 510 312 550 olavam
326 513 408 561 gestant
421 511 453 563 (of.
463 511 536 562 Add.)?
558 511 612 558 Quid
625 525 674 552 vero
690 512 714 551 de
732 510 755 550 eo
772 510 842 559 dicam,

100 581 153 633 quod
159 580 268 619 doctissimi
277 580 315 619 uiri
329 593 400 632 parum
407 581 457 620 illud
464 581 563 621 recordati
570 585 617 621 sunt
625 595 670 621 cum
679 593 747 621 omnes
755 579 842 619 Boeotos
883 597 885 600 ·

99 653 143 689 tum
161 649 267 689 Thebanos
286 649 377 701 insignes
397 650 460 689 fuisse
476 651 581 703 clypeo,
602 651 636 703 qui
651 651 731 704 proprio
746 648 843 689 uocabulo

30 739 31 742 =
100 719 213 772 appellatur
233 717 328 763 Boeotius
348 718 451 767 (Dodwell.
474 718 520 759 Itin.
531 720 546 760 Ι.
563 722 582 759 2.
601 732 620 772 p.
632 722 664 761 67.
700 718 783 759 Eckhel.
801 717 843 767 ld

100 802 118 840 p.
131 790 180 837 195)
200 790 221 828 et
234 788 311 839 galea
330 787 413 838 (hleurs.
433 787 490 828 illiso.
510 788 558 828 Lao.
573 787 601 827 H.
618 792 636 827 1.
656 802 675 841 p.
693 791 725 827 91.
759 787 843 827 Echhel.

100 871 118 911 p.
135 859 194 908 196),
214 858 235 896 10
255 856 341 896 nummis
360 859 427 905 autem
446 870 486 897 000
505 857 583 897 clavam
602 858 671 907 modo,
691 870 761 896 uerum
782 855 843 895 etiam

100 928 221 980 thyrsum
242 926 331 976 (Echhel.
351 940 370 978 p.
387 928 437 976 204)
458 939 588 980 expressum,
608 927 629 965 10
640 926 763 980 militaribus
779 924 844 975 signis

101 1010 113 1036 0
132 996 187 1035 nullo
205 996 294 1035 habitam
313 1008 359 1034 esse
379 995 466 1047 01ον001,
488 996 580 1035 00101115
595 994 715 1048 Sphingem,
730 995 842 1044 draconem,

100 1066 231 1105 leoninam
249 1066 355 1117 pellem,
374 1064 440 1117 lyram
461 1064 693 1118 taurumquefitlnolo
715 1063 767 1103 enim
784 1063 843 1116 plura

102 1148 128 1174 ex
146 1135 171 1174 iis
189 1135 287 1184 delibare,
306 1146 356 1186 quae
376 1134 422 1173 olim
444 1133 616 1174 destinaveramus
630 1134 689 1174 alteri
705 1134 766 1173 Theb.
782 1132 842 1172 Para-

102 1204 201 1244 doxorum
227 1204 328 1244 volumini.
372 1203 447 1256 Itaque
469 1204 556 1256 pellatur
579 1216 649 1254 „vana
665 1204 713 1249 ista
737 1201 842 1256 opinatio“

101 1275 234 1324 teneaturque
249 1273 345 1312 librorum
360 1285 383 1312 00
398 1273 504 1322 memoria,
519 1285 531 1311 a
544 1286 584 1325 qua
598 1286 624 1311 ne
638 1272 747 1311 thhelius
763 1271 842 1324 quidem

102 1343 203 1383 discessit:
229 1337 376 1395 ἐπεγράφοντο
397 1338 424 1397 [11Δ
438 1337 481 1381 καὶ
501 1340 549 1381 τῶν
566 1333 678 1395 Ἀρκάδων
699 1335 784 1381 ὁπλῖται
805 1333 843 1390 (oi

102 1415 154 1453 τῶν
170 1411 259 1464 Haupt).
288 1411 380 1463 Namque
394 1408 549 1456 XENOPHON
565 1410 618 1463 quod
635 1410 759 1450 indicaverat
773 1423 788 1449 c.
805 1411 842 1448 19:

101 1478 126 1521 τὸ
146 1477 218 1533 μέντοι
237 1476 392 1535 στράτευμα
413 1475 665 1533 παρεσκευακέναι,
685 1474 713 1528 ὡς
731 1475 842 1519 πόνεοντε

48 1570 50 1572 >
101 1548 181 1606 μηδένα
201 1543 331 1600 ἀποκάμνειν
350 1572 379 1577 -
393 1542 500 1589 σπάνιά
513 1562 537 1588 τε
552 1545 584 1588 τὰ
598 1541 747 1602 ἐπιτήδεια
760 1541 842 1598 ἔχον-

100 1633 148 1668 τας
163 1614 221 1670 όμως
235 1612 360 1657 πείθεσθαι
370 1613 463 1669 ἐθέλειν,
479 1614 547 1658 ταῦτά
556 1631 594 1669 μοι
605 1615 664 1658 δοκεῖ
674 1613 842 1670 θαυμαστότερα

100 1680 164 1739 εἶναι,
186 1687 207 1726 id
226 1689 312 1738 000211
332 1686 363 1725 his
382 1687 475 1727 subtilius
497 1687 632 1739 exsequutus:
652 1682 688 1726 καὶ
706 1682 746 1740 γάρ
766 1681 802 1725 ὅτε
816 1680 842 1725 τό

100 1755 222 1797 τελευταῖον
246 1752 384 1811 παρήγγειλεν·
408 1751 480 1804 αὐτοῖς
503 1751 709 1808 παρασκευάζεσθαι
728 1749 758 1802 ὠς
776 1749 843 1808 μάχης

102 1822 202 1880 ἐσομένης
216 1819 338 1879 προθύμως
351 1821 390 1877 μὲν
404 1820 530 1872 ἐλευκοῦντο
540 1818 561 1864 οἳ
576 1819 654 1872 ἱππεῖς
663 1819 691 1865 τά
702 1816 766 1878 κράνη
776 1816 842 1862 κελεό-
853 1870 855 1873 ¹

101 1907 161 1943 οντας
181 1888 270 1933 ἐκείνου·
294 1889 489 1948 ἓπεχράφοντοόὲ
510 1888 547 1932 καὶ
565 1892 607 1932 τῶν
620 1887 733 1947 Ἀρκάδων
754 1885 843 1931 ὁπλῖται
877 1897 879 1899 ’

101 1956 187 2017 ῥόπαλα
206 1957 288 2013 ἔχοντες
307 1986 336 1990 -
353 1955 434 2011 πάντες
450 1957 473 2002 δὲ
488 1962 516 2013 (id
531 1964 563 2001 est
577 1960 648 2014 reliqui
663 1973 731 2001 omnes
745 1958 843 2000 Abresch.
878 1974 879 1978 ¹

101 2031 155 2073 Xen.
173 2031 248 2084 Ephes.
266 2045 286 2085 p.
298 2032 339 2072 354
355 2045 383 2084 sq.
399 2031 456 2071 hliso.
472 2029 567 2071 (1105511.
587 2044 606 2083 p.
621 2029 770 2081 217,Ἑο01111.)
789 2022 841 2084 ἠκο-

101 2101 168 2141 νιῦντο
180 2097 215 2140 καὶ
230 2093 307 2153 λόγχαις
321 2096 358 2140 καὶ
373 2095 481 2154 μαχαίρας
495 2095 533 2140 καὶ
547 2096 708 2155 ἐλαμπρύνοντο
721 2095 760 2147 τάς
774 2092 842 2139 ἀσπί-

101 2168 141 2218 όας
165 2169 246 2209 01101010
269 2168 351 2208 dubium
373 2171 405 2209 est
428 2169 476 2222 quin
495 2169 533 2210 hoo
551 2170 675 2210 narraverit:
700 2170 753 2209 inter
773 2167 842 2219 grauis

101 2242 215 2280 armaturae
234 2238 313 2292 pedites
332 2251 405 2297 nomen
425 2238 527 2292 professos
548 2251 592 2278 esse
612 2238 696 2289 multos,
716 2237 750 2291 qui
765 2236 842 2277 olavam

102 2310 217 2360 gestarent:

148 2502 177 2545 64)
190 2503 272 2545 Sphingis
283 2503 386 2536 mentionem
397 2504 470 2544 faoiunt,
483 2513 525 2546 quos
538 2503 631 2536 attulerunt
642 2503 723 2536 Barthius
735 2503 778 2536 Stat.
790 2502 846 2541 Theb..

101 2557 123 2592 X.
133 2562 172 2592 652.
184 2570 201 2601 p.
212 2564 255 2593 1227
269 2563 285 2593 et
297 2560 404 2603 Tiraquellus
415 2561 434 2593 in
445 2560 535 2594 Alexandr.
549 2561 569 2594 ab
582 2560 671 2594 Alexandr.
685 2562 725 2594 Gen.
734 2560 779 2593 Dier.
787 2560 817 2593 IV.
827 2563 842 2593 2.
888 2557 889 2560 ’

101 2624 118 2657 p.
128 2619 166 2649 868.
190 2616 245 2649 Schol.
257 2618 298 2650 Eur.
310 2617 375 2650 Phoen.
389 2621 427 2650 411.
439 2619 595 2661 0104010011.
608 2629 625 2660 p.
633 2621 671 2651 103.
695 2618 738 2651 Stat.
750 2616 841 2655 Τ11011.Ι1Τ.

101 2674 128 2703 87.
150 2672 228 2704 leoninae
244 2674 294 2716 pellis
311 2674 391 2718 Hyginus
405 2677 431 2713 69.
458 2673 510 2706 Theb.
525 2674 586 2720 Parad.
603 2686 620 2718 p.
635 2678 674 2709 401.
691 2668 768 2709 draconis
785 2665 846 2707 Muell.'

100 2728 149 2763 Orch.
161 2742 178 2774 p.
189 2734 227 2764 217.
243 2729 289 2775 lyrae
301 2732 378 2774 taurique
391 2730 490 2763 Lactantius
501 2730 555 2763 Theb.
563 2731 604 2766 VII.
612 2735 651 2766 219.
