1780 2885
137 74 163 111 70
459 84 514 127 Caput
525 85 555 118 [v.

134 187 159 226 In
178 200 237 240 quem
257 188 322 227 locum
341 188 465 229 Scholiastae
479 190 589 229 Ravenuas
611 193 632 230 et
647 192 739 231 Venetus
754 193 878 247 seripserunt

133 258 183 296 haec
197 270 216 309 p.
229 259 282 307 302,
297 261 321 308 8,
340 272 392 311 qnae
407 259 513 299 concinunt
529 272 574 299 cum
589 258 650 301 Suida
660 260 687 300 H.
703 275 721 314 p.
733 264 774 302 686
790 276 828 315 ται
844 256 878 311 ὡς

133 322 277 379 σαρκάζοντας
290 323 330 379 μὲν
347 325 383 368 καὶ
399 324 598 382 τροςττοιοομένοος
612 326 640 369 τὰ
649 327 762 382 πολεμικά,
780 325 817 371 οὐκ
829 323 877 386 άλη-

134 394 180 443 θῶς
201 392 225 435 δὲ
243 392 364 445 τοιούτους·
385 392 457 448 ἰσχύος
472 393 496 438 δὲ
512 394 693 451 ἐπιμελουμένους
714 400 737 439 of.
753 400 828 440 Victor.
840 403 877 439 11:

134 460 413 521 σαρκασμονιιτοοκάμτιτης
428 462 533 523 συνετέθη
549 465 609 523 παρὰ
624 465 649 509 τὸ
662 464 787 523 σαρκασμὸς
802 464 838 508 καὶ
853 465 878 508 τὸ

134 527 200 582 τίτας
224 529 262 573 καὶ
285 532 310 574 τὸ
336 531 453 587 κάμπτειν,
479 548 530 588 quae
550 537 582 576 his
602 537 747 591 interpretatur
766 537 877 589 Berglerus

134 616 152 655 p.
164 604 217 643 473:
238 598 528 657 σαρκασμοπιτυοκάμπται,
547 606 600 658 „qui
618 607 710 647 simulate
729 606 823 646 affectant
838 606 878 645 rir-

134 673 199 711 tutem
213 671 316 722 bellicam,
335 673 368 725 qui
387 673 451 712 rideri
466 675 537 713 volunt
551 677 593 714 tam
608 676 702 726 fortes,
720 688 779 728 qrrem
795 676 832 715 suit
846 675 878 714 Pi-

133 743 269 794 tyocamptes,
290 741 340 780 alias
364 740 417 781 Sinis
436 743 511 794 dietus,
532 744 601 783 latro“
624 745 755 796 similiterque
773 744 878 784 Hemster·

134 810 205 849 husius
225 810 246 849 in
264 809 345 850 Lucian.
366 811 407 851 td.
423 826 441 865 p.
453 813 506 851 225:
530 812 577 861 „ne
599 812 667 853 Sinide
688 812 736 866 quin
756 812 878 853 Scholiastes

134 879 264 930 cogitauerit,
284 892 328 919 oum
343 880 382 919 ista
402 883 581 931 commutaretur,
604 882 695 921 dubitare
710 894 750 920 non
766 882 822 922 iicet:
843 895 878 920 ne-

134 960 172 999 que
188 947 297 987 absurdum
317 951 358 998 est,
378 951 402 988 ut
416 963 452 1002 per
468 950 562 989 comicum
579 951 672 990 facetiam
686 950 776 990 homines
791 950 812 989 in
825 950 878 989 betto

133 1017 209 1067 timidi,
229 1017 266 1056 sed
283 1018 408 1057 inanibus
426 1019 450 1058 in
470 1020 562 1069 rebus,
585 1031 652 1072 quae
672 1031 735 1059 vero
757 1018 876 1071 periculo

135 1088 267 1136 carerent,
279 1087 359 1126 robur
369 1089 541 1127 ostentantes
552 1089 599 1128 dicti
609 1088 683 1128 fuerint
694 1083 877 1139 mroordpmazss

133 1153 233 1207 Equidem
253 1168 296 1194 rem
311 1156 423 1195 accuratius
439 1157 522 1196 definire
537 1157 566 1196 sic
581 1157 661 1207 videor,
676 1159 700 1197 ut
715 1169 726 1195 a
741 1156 877 1208 grammaticis

135 1223 173 1262 dici
186 1225 273 1263 statuam
288 1237 395 1275 magnas
409 1225 454 1264 ilias
468 1226 551 1275 uires,
577 1226 648 1278 quibus
665 1225 731 1265 maie
745 1238 796 1263 usus
810 1213 876 1275 (Ovid.

134 1291 183 1332 Met.
194 1292 241 1332 VH.
256 1293 307 1343 410)
329 1292 382 1332 Sinis
401 1294 465 1333 fertur
478 1295 574 1347 plurimos
586 1295 661 1334 iniusta
676 1306 763 1347 pugna
776 1293 877 1332 vicisse

135 1355 232 1410 (ὁπόσαν
243 1357 266 1400 dd
281 1376 296 1412 μ
303 1356 351 1416 άχῃ
366 1358 494 1417 κρατήσειαν,
508 1357 547 1402 ἀπ’
561 1355 629 1402 αὐτῶν
640 1357 706 1417 δήσας
716 1386 745 1390 -
755 1361 840 1400 Pausan.
849 1360 877 1400 Π,

136 1433 159 1477 1,
175 1432 193 1468 d.
214 1426 309 1477 πολλοὺς
334 1424 406 1484 άνῄρει
426 1430 478 1470 Plut.
496 1431 555 1470 Thes.
571 1431 630 1471 vin.
647 1435 664 1470 2.
689 1427 739 1478 τοὺς
760 1426 878 1484 παριόντας

134 1496 226 1549 Apossod.
237 1499 258 1536 et
267 1496 331 1537 Schol.
342 1498 423 1537 Lucian.
435 1499 454 1538 ss.
465 1511 507 1551 cap.
515 1498 531 1550 Ι,
542 1502 560 1538 2.
572 1502 593 1538 et
602 1499 640 1548 ΠΙ,
650 1503 660 1538 1
669 1500 705 1549 d),
721 1498 809 1537 victos
824 1498 877 1537 foe-

134 1566 242 1605 dissime
255 1566 444 1619 discerpturus
457 1568 680 1619 rigidissimarum
691 1567 809 1607 arborum
819 1579 877 1606 rer-

133 1636 201 1673 tices
218 1635 243 1673 ad
257 1636 333 1674 terram
352 1636 531 1688 depressisse.
561 1636 590 1676 Ut
605 1637 622 1675 si
638 1636 683 1688 quis
696 1635 814 1675 recordatur
827 1634 877 1674 Ero-

135 1703 185 1741 tiani
195 1703 270 1755 Expos
281 1703 330 1743 Voc.
341 1703 436 1756 Hippocr.
447 1718 465 1756 p.
475 1707 528 1744 340:
544 1699 695 1759 σαρκάζοιν)
707 1698 727 1743 οἳ
738 1700 776 1751 μὲν
787 1704 878 1757 σαρκοῦν

133 1769 171 1824 (of.
191 1771 282 1810 Rarenn.
304 1773 345 1811 td.
370 1767 617 1827 σιιρκάζοιντιις-ἷσχάος
643 1769 667 1812 dd
692 1768 877 1823 ἐπιμελουμένους,

134 1839 276 1891 Wyttenbaoh.
298 1841 319 1879 in
331 1840 431 1880 Plutarch.
453 1841 477 1879 de
496 1840 550 1880 Sent.
567 1841 651 1880 Profeet.
673 1841 694 1879 in
708 1840 759 1879 Virt.
781 1854 799 1892 p.
812 1839 876 1880 790.

133 1909 199 1947 Anim.
215 1923 234 1960 p.
246 1910 288 1948 580
304 1912 324 1948 et
340 1909 382 1948 Ser.
397 1910 456 1949 Num.
472 1910 532 1949 Vind.
547 1924 566 1962 p.
578 1911 638 1960 117),
655 1910 673 1948 is
688 1909 784 1948 vocabulo
801 1908 822 1947 in
837 1921 878 1948 am-

134 1977 218 2028 biguum
232 1977 333 2029 implicato
345 1978 429 2028 (Albert.
440 1978 461 2017 in
471 1978 560 2031 Hesych.
571 1978 597 2017 H.
612 1992 630 2030 p.
643 1980 704 2018 1155.
718 1980 758 2017 not.
770 1980 788 2017 0.
808 1978 831 2017 cf.
841 1977 876 2016 Ar.

133 2045 238 2085 Padusa
257 2046 320 2098 intpp.
339 2045 413 2085 Herod.
425 2047 461 2087 IV.
473 2050 506 2086 64.
542 2047 600 2086 Foes.
617 2046 663 2086 Oce.
680 2046 775 2098 Hippocr.
797 2060 816 2098 p.
827 2047 878 2097 558)

134 2115 259 2166 apertissime
275 2115 384 2166 significari
398 2115 499 2168 intelligat
518 2116 616 2156 eiusmodi
630 2116 723 2164 mititem,
743 2116 823 2166 quatem
835 2114 879 2155 Bri-

134 2184 208 2223 tannus
227 2185 288 2236 poeta
308 2185 410 2235 praeclaro
429 2186 521 2237 exempto
543 2185 649 2237 descripsit
668 2185 765 2237 pinguem
780 2184 842 2223 istum
858 2186 879 2223 et

135 2253 273 2303 corpulentum
287 2251 371 2291 Henrici
385 2254 440 2304 regis
455 2253 552 2292 comitem.
581 2253 647 2293 Prare
661 2253 724 2304 igitur
739 2253 803 2291 sensit
818 2251 878 2292 Scho-

135 2320 194 2360 tiasta
204 2321 257 2360 Vict.
272 2334 291 2373 p.
303 2323 351 2370 302,
363 2324 395 2371 17,
411 2322 444 2373 qui
454 2318 533 2375 σάρκας
544 2318 651 2373 κάμπτειν
661 2321 681 2360 in
692 2333 716 2359 ea
726 2320 768 2359 fere
779 2322 878 2361 sententia

134 2390 200 2441 posita
214 2390 339 2428 existimarit
354 2385 423 2440 (άλλσι
440 2386 464 2429 δὲ
475 2387 614 2442 σαρκασμοος
624 2390 697 2429 νοοῦσι
707 2385 758 2437 τοὺς
768 2387 878 2441 μαλακοὺς

135 2454 172 2497 καὶ
189 2458 281 2512 φθοράς
297 2452 344 2498 dm>
360 2460 398 2498 τοῦ
413 2455 453 2506 τάς
467 2452 548 2513 σάρκας
564 2453 673 2511 κάμπτειν
692 2453 740 2513 ἤτοι
755 2454 878 2510 enitentem

135 2521 194 2579 ὁίκρν
209 2522 307 2577 αἴτιος),
333 2527 353 2565 ir.
375 2540 414 2578 qua
440 2527 491 2566 solet
513 2528 560 2580 poni
584 2525 737 2567 κατακλασθαι
758 2527 798 2566 rid.
818 2527 878 2578 rag.

135 2609 153 2646 P.
166 2598 206 2635 399
224 2609 252 2646 sq.

202 2664 245 2703 Nec
264 2664 354 2715 pluribus
371 2678 421 2717 opus
437 2665 518 2703 uidetur
534 2678 579 2703 csse
595 2665 620 2703 ad
634 2664 757 2717 probandam
772 2676 816 2702 earn
834 2677 878 2702 scn-

134 2733 223 2783 tentiam,
236 2745 286 2784 σασα
297 2733 399 2772 doctorum
410 2733 511 2773 hominum
522 2746 622 2773 consensu
632 2733 671 2773 iam
682 2733 724 2772 sola
735 2740 767 2771 est
773 2732 879 2785 frequens3
