1780 2936
392 93 448 136 Caput
461 95 482 127 V.
507 95 509 99 ’
780 84 819 121 101

78 201 165 241 domitae
181 200 327 255 Symplegades
342 203 363 241 81
379 225 408 229 —-
419 200 496 240 cunctis
506 200 575 240 faciles
584 201 634 241 iam
647 201 748 254 puppibus
762 201 822 240 hae-

77 272 157 310 18111ό
171 270 217 310 Rus.
228 270 254 310 Π.
277 271 340 311 Praef.
353 274 385 310 17.
402 270 500 310 Horatius
511 268 576 310 Carm.
586 269 602 310 l.
615 273 647 322 163
660 273 692 311 13.
707 270 745 311 ΠΙ.
758 272 777 321 5,
786 273 819 310 41.

77 341 193 394 Propertius
207 340 244 381 ΙΠ,
262 343 354 390 12,15;
374 340 464 390 „Qualis
480 339 625 379 Amazonidum
639 364 667 369 —
686 341 821 381 Thermodon-

9 462 10 465 ,
77 410 386 463 1181111118111811181111.
410 409 482 454 1111111
497 410 518 449 81
527 409 618 449 Eurotae
630 409 703 449 Pollux
718 412 738 450 81
749 409 821 451 Castor
844 417 847 419 ’

77 481 143 520 arenis
159 505 188 509 —
202 480 259 519 Inter
275 493 324 531 quos
340 478 419 517 Helene
433 479 492 518 nudis
508 491 580 531 capere
595 492 651 518 arma
665 480 744 532 papillis
758 479 820 519 Fer-

77 552 135 590 tur“
150 552 171 589 et
186 549 212 588 H.
225 552 243 597 2,
255 551 294 597 83,
314 549 338 587 de
354 561 392 600 quo
406 548 449 587 loeo
465 547 517 586 infra
532 548 620 597 dicetur,
640 548 683 596 alii,
704 562 754 600 quos
769 562 820 588 com-

77 619 196 658 memoravit
210 618 241 656 vir
256 617 355 656 maximae
367 629 426 656 curae
439 619 460 655 et
470 617 579 668 singularis
590 617 706 656 subtilitatis
716 617 820 657 111111111-

78 688 115 726 dus
126 686 176 726 Stat.
188 686 237 726 Silv.
245 686 300 735 Vsl,
312 689 344 725 33.
360 700 378 738 p.
391 688 439 736 313,
450 686 483 738 qui
493 686 581 738 „primus
592 687 712 726 observasse
722 689 822 740 poeticam
881 716 884 719 ,

77 757 129 795 hanc
145 756 283 807 elegantiam“
298 755 335 794 sibi
350 755 407 794 visus
420 755 458 794 hoc
474 757 540 794 tamen
550 769 590 794 non
603 756 679 794 addidit
693 757 704 795 f
707 757 758 795 erni
769 757 822 795 idem

78 830 123 864 esse'
138 828 199 877 atque
214 826 243 865 ab
258 825 375 864 omnibus
391 824 541 877 praedicari
556 824 599 863 sive
615 826 739 864 communi
753 825 822 864 fama

78 894 204 933 celebrari
225 895 248 933 81.
266 893 326 933 Orell.
347 892 395 942 Hor.
412 892 476 933 Caum.
487 893 503 932 Ι.
515 896 533 943 7,
545 896 578 933 23.
593 907 612 946 p.
625 895 657 933 55.
687 894 734 933 Bos.
745 893 820 933 Exere.

77 963 146 1003 Philol.
163 977 182 1016 p.
194 965 220 1002 81
237 977 266 1015 sq.
299 962 344 1001 Hac
362 965 429 1002 autem
449 975 471 1000 re
491 963 592 1014 patefacta
610 963 669 1012 licet,
689 964 742 1015 quod
760 964 820 1003 licere

78 1036 99 1071 et
108 1032 255 1084 Hertnbergius
270 1046 288 1084 p.
301 1034 342 1071 218
359 1032 433 1084 etipse
443 1031 545 1084 Hauptius
556 1032 641 1083 negavit
656 1033 821 1082 „memorabilem

77 1101 140 1154 Neap.
157 1101 311 1154 discrepantiam
326 1101 412 1139 fertur
427 1113 463 1153 pro
479 1102 617 1153 quamvis“
636 1103 676 1141 iam
691 1102 820 1141 Lachmanno

78 1172 183 1222 probatam
198 1171 219 1208 in
236 1170 325 1209 ordinem
339 1169 437 1221 recipere:

166 1240 214 1292 Ipsa
229 1238 299 1276 Venus
314 1239 400 1276 fertur
417 1239 511 1290 corrupta
525 1238 607 1277 libidine
622 1238 703 1288 hlartis;

179 1345 181 1347 ,
195 1306 238 1346 Nec
251 1307 316 1345 minus
330 1307 350 1345 in
366 1307 420 1345 coelo
436 1320 515 1359 semper
527 1307 613 1347 honesta
624 1307 667 1357 1111,

167 1376 265 1421 Quamvis
279 1375 451 1428 Heptaporus
466 1378 568 1427 pastorem
584 1376 637 1416 dicat
654 1389 732 1416 amasse

195 1444 264 1497 Atque
277 1445 330 1483 inter
345 1444 433 1496 pecudes
448 1445 565 1483 accubuisse
581 1445 644 1484 deam.

80 1514 159 1559 Quibus
176 1517 240 1566 „apte
266 1516 365 1565 quadrare
379 1512 482 1566 Euripidis
495 1513 530 1552 illa
545 1513 605 1567 Hipp.
617 1516 670 1554 455:
689 1509 752 1565 ,ἀλλ’
765 1511 823 1566 ὅμως

79 1580 101 1622 ἕν
116 1574 198 1637 8188νῴ
214 1578 307 1623 Noiooor
324 1574 362 1621 aci
377 1578 489 1635 φεύγουσιν
505 1578 702 1631 111181111131881(ί
717 1585 822 1630 adnotavit

79 1651 225 1692 Valckenarius
245 1652 325 1690 11451.
344 1665 362 1704 p.
374 1653 448 1699 2168,
471 1652 518 1690 ante
537 1651 706 1701 Valckenarinm,
728 1653 750 1691 id
769 1653 823 1704 quod

79 1723 145 1773 ipsum
158 1708 297 1760 Burmannum
311 1721 364 1770 fugit
378 1733 397 1771 p.
408 1721 460 1769 150,
476 1719 567 1771 Scaliger
581 1721 602 1760 in
615 1721 674 1773 Prop.
688 1735 707 1774 p.
718 1724 766 1761 478.

165 1876 167 1879 .
440 1829 462 1876 3.

137 1914 197 1953 Libet
211 1913 251 1952 iam
265 1912 372 1953 LVOANI
387 1913 452 1952 locum
462 1912 499 1952 IX.
513 1916 554 1953 970
570 1927 605 1965 sq,
625 1927 663 1965 quc
678 1914 757 1966 planius
768 1892 823 1953 coar-

1 1999 4 2004 ⁴
29 1994 30 1997 ’
80 1996 166 2035 guamus
187 1969 311 2022 Scholiastae
326 1982 408 2021 Vratisl.
433 1996 520 2022 errorem
542 1996 604 2035 supra
620 1997 638 2035 p.
651 1986 677 2022 96
695 1983 824 2035 patefactum,

80 2053 150 2105 paucis
172 2064 271 2090 enarrare.
305 2051 429 2090 Visebantur
454 2052 507 2090 enim
530 2052 550 2090 in
568 2052 653 2091 Troiano
673 2064 723 2103 agro
743 2051 824 2103 praeter

81 2120 212 2161 Anchisae
232 2120 319 2159 latentes
339 2119 470 2159 thalamos
491 2121 525 2171 (de
543 2121 614 2172 quibus
634 2121 693 2159 modo
709 2123 720 2158 2
736 2120 823 2172 explica-

80 2190 154 2241 vimus)
168 2188 299 2227 Hesiones
314 2188 417 2240 scopuli
430 2192 455 2238 (v.
467 2191 520 2238 970,
540 2189 685 2239 quemlocum
698 2188 764 2228 omisit
779 2187 823 2227 Sta-

80 2271 142 2297 verus
152 2257 256 2296 Feriarum
268 2270 309 2309 cap.
320 2256 370 2295 ΧΠ.
385 2270 404 2309 p.
416 2258 477 2306 808),
493 2258 566 2296 deinde
579 2256 739 2310 Ganymedis
750 2251 823 2310 dorici-

81 2339 117 2379 yro
128 2325 204 2377 (Burni.
216 2326 273 2377 Virg.
284 2324 334 2365 Aen.
345 2324 362 2364 l.
374 2327 407 2364 28.
423 2339 441 2377 p.
453 2329 486 2376 21,
502 2327 536 2377 qui
546 2326 637 2377 neglexit
646 2326 723 2365 Lucani
737 2339 754 2363 v.
768 2327 824 2376 972),

81 2397 125 2434 tum
140 2396 157 2434 is
171 2395 239 2444 locus,
257 2394 278 2433 in
296 2407 334 2446 qno
350 2392 456 2433 Oenone
471 2395 537 2434 Nais
554 2395 653 2433 lusisse
668 2394 771 2433 ferebatur
786 2395 826 2442 (cui

81 2464 147 2502 famae
162 2451 291 2514 *Propertium
310 2462 331 2501 et
348 2462 453 2501 Lucanum
471 2476 565 2502 assensos
586 2476 632 2502 esse
651 2477 670 2515 p.
682 2466 708 2503 92
725 2450 754 2514 sip
774 2476 825 2502 com-

82 2531 230 2585 probavimus),
246 2531 376 2582 eiusdemque
392 2530 500 2584 Nymphae
515 2534 536 2570 et
549 2531 627 2571 Paridis
643 2533 758 2583 sepulcrum
773 2544 825 2570 com-

80 2613 142 2640 -mune
157 2601 291 2639 contestatum
304 2612 316 2637 a
331 2598 439 2649 Strabone,
453 2614 491 2652 quo
505 2601 548 2639 loco
562 2600 658 2640 indicavit
673 2600 790 2640 Dresemius
805 2601 826 2638 in

82 2670 162 2723 loseph.
177 2668 322 2708 11811885.
337 2681 356 2719 p.
368 2671 421 2718 161,
438 2669 499 2709 XIII.
514 2672 597 2722 15961
617 2666 678 2724 μέχρι
694 2664 826 2724 Κεβρηνίας·

83 2736 152 2794 τάφον
161 2752 184 2778 aa
194 2735 233 2793 γὰρ
242 2729 382 2791 Ἀλεξάνδρου
390 2732 517 2778 delassabat
527 2750 593 2793 φησιν
600 2732 740 2794 (Δημήτριος)
747 2730 828 2778 αὐτόθι
