1780 2885
87 12 114 50 16
416 26 472 69 Caput
483 26 497 64 Ι,

85 124 227 177 iudicabimur,
245 142 281 182 pro
301 132 397 184 percepto
418 130 541 172 affirmamus
560 133 689 188 aPropertio
704 137 754 178 hacc
768 137 830 179 fuisse

85 195 172 249 scripta:

143 262 327 319 Hatrpyiasque
342 271 432 309 truces
447 267 497 309 sinis
511 270 533 309 ct
546 280 586 308 non
600 269 680 324 hospita
694 270 755 313 Grais
811 260 813 263 Ι

172 331 228 373 Saxa
242 336 264 374 et
278 338 373 376 curvatas
387 336 408 376 in
423 348 461 376 sua
475 338 518 377 lata
532 338 607 378 trabes.

84 397 182 440 Truces
195 403 264 443 autem
277 402 380 458 Harpyias
404 404 475 445 eodem
489 406 548 447 modo
568 419 580 447 a
595 406 705 450 Claudiano
720 409 784 451 dictas
798 411 828 451 in-

83 467 176 509 venimus
191 469 243 511 Bell.
258 470 304 513 Get.
317 475 355 513 20:

142 537 231 579 Plurima
245 541 281 580 sed
297 541 389 592 quamvis
403 541 466 582 variis
479 541 575 583 miracula
585 545 681 585 monstris

141 605 271 659 ingeminent
283 610 364 649 teneras
379 609 472 651 rinctrmo
488 611 575 651 carmine
590 614 669 654 mentes

141 675 330 731 Harpyiasque
343 681 434 718 truces
448 678 581 733 insopitisque
596 681 688 722 refusum

141 743 246 784 Tractibus
262 746 329 786 aurati
342 748 447 787 custodem
459 747 541 787 velleris
557 759 646 800 anguem
660 772 689 781 —

140 812 175 852 Nil
189 814 243 853 reris
257 815 343 866 aequale
357 815 438 856 dabunt.
459 816 564 869 prohibere
579 829 694 871 rapaces

140 879 221 921 Scilicet
233 882 370 936 Harpyias
382 896 463 937 unaque
480 884 588 924 excludere
602 898 673 926 mensa

140 949 233 991 Nobilior
246 952 328 1003 titulus,
344 965 404 1003 quam
417 954 448 992 tot
461 947 553 1005 pohiisse
567 954 649 1005 paratas

139 1017 164 1057 In
177 1019 233 1059 Latii
244 1020 342 1073 praedam
358 1019 441 1061 Geticas
457 1022 550 1061 avertere
564 1021 644 1061 lauces?

81 1084 110 1126 Ut
123 1087 195 1127 eodem
208 1089 296 1128 carmine
310 1089 457 1141 Thyesteas
469 1090 532 1142 dapes
548 1091 570 1129 et
583 1090 717 1144 Meleagri
734 1105 758 1133 ac
772 1092 824 1134 Pen-

80 1156 204 1209 theiletum
224 1158 245 1196 et
266 1156 400 1211 Harpyias
422 1156 565 1211 Scironemque
586 1158 703 1211 Propertius
727 1162 770 1201 scre
793 1164 823 1203 sie

80 1224 197 1278 complexus
208 1225 244 1277 sit,
257 1228 281 1266 ut
290 1226 354 1266 facem
363 1220 495 1267 Althaeae
509 1228 531 1266 et
540 1226 673 1280 Harpyias
683 1230 704 1268 et
715 1228 822 1284 Stympha-

80 1293 132 1340 lides
147 1292 224 1334 Seneca
239 1294 294 1335 Med.
311 1297 353 1335 780
366 1309 394 1347 sq.
411 1297 432 1335 ct
446 1296 480 1347 qui
495 1308 536 1335 non
550 1297 646 1348 pauciora
665 1288 695 1336 ex*
706 1296 823 1341 Callimachi

81 1360 208 1416 Originibus,
222 1376 282 1415 quam
295 1363 349 1416 ipse,
364 1364 388 1403 ut
400 1353 495 1413 arbitror,
510 1363 636 1418 Propertius,
650 1365 755 1417 delibavit,
765 1367 821 1408 Mar-

81 1431 134 1472 tialis
151 1431 178 1472 X.
194 1434 250 1482 4,1.
269 1435 290 1472 9:
311 1431 352 1478 Qui
370 1431 422 1483 legis
436 1430 561 1484 Oedipodem
579 1433 740 1486 caligantemque
755 1435 821 1488 Thy-

79 1503 167 1551 esten,
190 1499 296 1542 Colchidas
317 1502 339 1540 et
358 1498 447 1554 Scyllas,
472 1500 520 1553 quid
533 1498 583 1540 'nisi
600 1503 690 1542 monstra
709 1503 774 1555 legis?
792 1528 821 1534 -

78 1659 139 1692 scribi:
153 1661 205 1692 trux
221 1660 357 1703 Polypheme
371 1659 416 1693 infra
434 1669 471 1702 cap.
487 1659 531 1692 Η
548 1661 584 1692 not.
600 1660 679 1692 dicemus.
703 1661 752 1697 Quod
763 1665 821 1704 restat,

77 1716 159 1750 facillima
171 1719 197 1749 est
208 1709 344 1760 syllabarum'as
358 1718 376 1749 et
387 1726 422 1749 ces
434 1716 543 1748 commutatio
560 1726 613 1757 „cunr
629 1716 676 1748 nulla
692 1716 714 1748 sit
727 1717 820 1752 differentia

77 1773 96 1806 in
107 1772 156 1807 libris
168 1773 209 1807 Mss.
221 1773 267 1807 inter
279 1783 289 1805 a
300 1775 317 1806 et
329 1773 363 1807 ce“
380 1771 475 1808 Markland.
492 1771 511 1804 in
523 1772 565 1805 Stat.
579 1771 620 1806 Silv.
632 1771 653 1806 V.
666 1775 685 1814 2,
700 1776 738 1806 152.
750 1785 767 1816 p.
780 1777 819 1811 372.

77 1832 111 1865 Sed
122 1842 133 1865 a
145 1830 249 1864 deverticulo
261 1832 358 1873 repetamus
370 1829 486 1873 Harpyiarum
497 1830 605 1863 mentionem.
628 1829 667 1861 Hoc
679 1829 724 1862 eninr
738 1830 820 1864 adiicien-

77 1889 117 1921 dum
129 1891 155 1921 est
165 1888 262 1921 Martialem
273 1886 296 1921 X.
308 1891 328 1931 4,
340 1892 360 1921 9:
378 1888 433 1928 „Non
448 1887 477 1919 hic
488 1885 592 1928 Centauros,
608 1897 642 1918 non
658 1887 747 1928 Gorgonas
761 1888 819 1920 Har-

76 1945 204 1989 pyiasque“
215 1945 270 1978 videri
281 1944 299 1976 id
312 1954 373 1977 nomen
384 1944 409 1976 sic
422 1944 510 1985 posuisse,
522 1946 542 1975 ut
553 1943 637 1976 Rutilium
648 1942 670 1976 It.
683 1944 697 1976 Ι.
710 1948 752 1977 608:
768 1945 819 1986 „Cir-

76 2002 193 2035 cumsistentes
209 2001 287 2044 reppulit
302 2000 432 2044 Harpyias“
449 2000 493 2034 conf.
508 2000 569 2034 Heins.
580 2000 600 2032 in
611 1999 660 2042 Virg.
678 2001 721 2035 Aen.
734 2000 767 2034 Ill.
779 2005 819 2035 249.

75 2069 93 2101 p.
108 2061 151 2101 379,
168 2068 226 2101 quem,
241 2060 261 2091 ut
277 2057 345 2100 opinor,
362 2059 469 2090 Burmannus
485 2056 504 2089 in
520 2056 577 2090 Ovidii
593 2067 643 2090 versu
655 2057 705 2090 Trist.
717 2056 748 2091 IV.
763 2061 782 2099 7,
796 2062 818 2092 15

75 2116 185 2149 describendo
201 2115 250 2158 sequi
265 2114 336 2159 maluit,
349 2125 399 2158 quam
410 2114 517 2148 Prisciauum
528 2113 543 2146 Ι.
556 2117 583 2147 50.
595 2124 613 2157 p.
624 2117 656 2157 37,
670 2118 700 2147 12:
713 2114 817 2158 ‚,Harpyia;

74 2176 114 2205 nam
126 2173 144 2217 yi
156 2173 274 2215 diphthongus
287 2173 328 2203 est“
340 2174 370 2204 aut
381 2171 458 2204 Pierium
473 2171 493 2203 in
504 2172 545 2203 Aen.
556 2170 569 2202 l.
581 2170 597 2203 d.
611 2174 650 2205 248.
659 2181 676 2212 p.
687 2174 726 2213 238.
749 2172 818 2205 Leviter

74 2233 141 2263 transeo
150 2227 237 2277 Ἀρηύϊας
248 2229 269 2262 ab
280 2228 387 2270 Kiesslingio
399 2228 418 2260 in
429 2239 480 2260 versu
492 2227 564 2260 Tzetzae
576 2227 620 2261 Chii.
633 2226 647 2260 Ι.
661 2231 700 2260 215.
711 2238 728 2269 p.
742 2232 763 2261 10
775 2229 817 2262 hoo:

73 2286 104 2321 Ἐκ
112 2286 145 2321 τοῦ
158 2287 228 2324 Φινέως
240 2288 325 2334 γέροντος
337 2285 401 2324 διῶξαι
413 2281 561 2335 cartapeta-ar
572 2283 651 2325 positum.
672 2284 732 2326 Longe
743 2285 818 2319 insolen-

73 2344 157 2377 tissimum
168 2338 225 2377 autem
236 2345 270 2385 cst,
284 2342 329 2386 quod
340 2341 403 2384 legitur
415 2341 461 2384 apud
472 2341 567 2375 Luxorium
579 2340 641 2383 Epigr.
650 2340 714 2375 XLVI.
724 2346 740 2376 8.
748 2354 764 2386 p.
774 2346 817 2376 003:

73 2401 192 2445 „Perditaque
210 2400 335 2443 Harpiaeis
356 2409 395 2432 acra
413 2398 460 2440 rapit
477 2397 570 2431 manibus“
597 2396 648 2441 (coni.
667 2398 751 2434 Meineck.
767 2400 817 2433 Anal.
883 2394 885 2397 ¹

73 2458 164 2491 Alexandr.
177 2470 193 2500 p.
206 2457 252 2500 266).
276 2457 362 2501 Harpya
378 2467 410 2498 pro
421 2455 515 2499 Harpyia
532 2454 614 2496 scriptum
630 2455 697 2487 notarit
708 2456 786 2500 Heynius
798 2457 817 2488 in

73 2514 122 2557 Virg.
134 2515 175 2548 Aen.
187 2513 216 2548 IV.
229 2518 268 2547 302.
283 2524 301 2556 p.
313 2518 352 2547 643.
367 2513 410 2546 conf.
426 2512 521 2545 Blomfield.
536 2512 555 2544 in
570 2511 631 2546 Aesch.
648 2511 694 2554 Sept.
707 2517 746 2547 494.
758 2525 775 2556 p.
788 2516 815 2550 48,

73 2573 133 2606 Aesch.
149 2571 210 2614 fragm.
222 2575 261 2606 241.
276 2582 294 2614 p.
311 2575 339 2606 61.
352 2572 389 2604 τῶν
399 2569 500 2607 leccatores
517 2571 577 2604 κυνῶν
593 2566 677 2613 ὀνόματα
685 2567 766 2612 [Honora.
779 2567 816 2601 cod.

72 2630 93 2665 A.
107 2628 183 2677 [ipsein.
487 2634 489 2637 ’
543 2634 544 2637 ’
793 2631 795 2634 ’
