1780 2885
115 77 128 115 8
443 88 499 130 Caput
510 86 525 120 1.

114 184 212 232 ἐκαλεῖτο
220 184 344 246 Κερκυόνος
353 193 374 232 et
384 190 470 245 scriptor
479 190 555 231 Aueod.
564 189 628 232 oram.
633 185 674 232 Ox.
681 191 720 234 IH.
731 202 750 247 p.
759 195 808 244 412,
819 195 856 234 24:

114 252 189 309 ἔλόικος
212 253 241 301 ὢν
265 253 339 301 πάντα
359 257 398 302 τὸν
418 257 447 316 μὴ
468 253 598 313 βουλόμενον
617 252 721 302 παλαίειν
741 252 801 316 αὐτῷ·
819 258 856 303 καὶ

114 326 176 382 νικᾷν
193 319 332 370 tntumm-
353 326 387 371 διὸ
406 325 444 369 καί
462 321 568 381 ὁτόπος,
588 324 610 370 ἕν
629 319 646 384 ᾧ
665 323 726 384 ᾤκει,
746 327 857 371 Παλαι-

114 389 224 451 στήριον
244 393 342 438 ἐκαλεῖτο
364 399 384 438 et
403 395 530 450 Phrynichus
544 396 609 438 Bekk.
624 396 700 438 Aneod.
715 410 734 451 p.
749 399 802 448 218,
817 399 856 439 14:

114 460 152 505 καὶ
174 459 186 505 ὃ
200 462 300 521 Κερκυὼν
319 462 356 507 καὶ
371 462 384 523 ἡ
397 458 489 522 Ἰταλικὴ
504 461 528 507 δὲ
541 455 627 507 Σκύλλα
648 458 857 522 ολνδροκτονεῖον

114 524 157 583 εἶχε
172 534 230 585 (conf.
245 534 309 576 Naek
322 534 375 574 Mus.
390 535 455 576 Rhea
469 534 495 576 V.
509 548 529 588 p.
546 538 583 587 39,
604 548 656 587 quae
669 535 780 576 illustriora
793 535 856 576 raddo

114 599 231 642 Philostrati
246 604 394 657 comparatione
408 605 487 655 lunagg.
502 604 531 645 11.
546 606 579 644 21.
598 617 617 657 p.
635 606 673 654 88,
692 607 729 645 12:
749 596 855 655 Ἀνταῖος,

78 727 80 731 Ι
115 660 140 709 ὃν
156 670 176 708 Γ
174 684 187 726 ῃ
201 662 265 727 ἀνῆκε
280 667 383 712 σίνεσθαι
403 669 454 721 τοὺς
474 668 546 723 ξένους
563 670 674 728 λῃστρικῇ,
697 665 770 725 οἶμαι,
790 666 856 728 πάλῃ.

108 728 227 779 Ἀθλοῦντι
246 736 271 780 δὲ
291 731 350 796 αὐτῷ
368 739 435 781 ταῑτα
455 736 493 781 καὶ
512 733 669 792 admovet,
693 732 730 790 οὓς
750 733 855 793 ἀπώλλυε,

114 803 178 861 περὶ
194 800 282 863 αὐτὴν,
304 802 333 856 ὡς
346 803 406 864 ὁρᾷς,
422 805 470 864 τὴν
483 803 663 864 παλαίστραν
676 798 722 863 ὃλγει
737 806 775 850 τὸν
786 804 855 864 Ἡρα-

114 870 167 915 κλέα
180 870 193 931 ἡ
208 871 285 932 γραφή.
314 876 391 917 Iaoobs.
406 890 426 930 p.
443 879 490 918 518.
505 877 596 930 Martyni
612 901 639 908 -
652 877 730 930 Lagun.
744 878 765 918 in
779 872 855 918 Luoan.

114 942 151 984 IV.
168 946 214 984 606.
230 958 249 998 p.
260 946 310 996 523)
326 946 375 986 eous.
390 946 452 986 Isoer.
464 945 537 986 Helen.
552 959 571 999 p.
582 949 630 986 213,
645 944 731 998 Gregor.
745 945 807 998 Nyss.
816 945 855 999 Ep.

113 1009 130 1050 1.
145 1025 164 1064 p.
180 1015 227 1052 627,
245 1013 271 1053 A.
285 1014 308 1054 T.
323 1014 360 1055 VI.
375 1013 467 1055 Galland.
506 1014 552 1060 Quo
576 1014 656 1067 quidem
675 1014 798 1054 deventieulo
817 1015 856 1055 hoa

115 1082 170 1120 uerte
186 1082 312 1135 exploratum
324 1084 356 1123 est
367 1083 413 1123 olim
422 1096 463 1123 non
472 1083 531 1123 modo
541 1078 724 1138 Παλαίστραν
734 1075 857 1137 Κερκυόνος

113 1150 235 1202 appellatam
252 1151 326 1202 fuisse.
347 1152 384 1191 sed
403 1152 463 1191 etiam
476 1144 698 1207 Παλαιστήριον,
723 1151 776 1205 quod
795 1164 855 1191 uoca-

113 1219 183 1257 bulum
198 1220 259 1259 etiam
273 1233 285 1260 a
299 1220 432 1261 Pausania
443 1220 472 1259 II.
484 1223 517 1270 10,
533 1224 556 1260 1;
570 1217 608 1260 τὸν
622 1216 662 1271 μὲν
677 1215 750 1259 πάντα
760 1214 856 1259 ἐνταῦθα

114 1283 232 1342 περίβολον
246 1286 383 1344 Παιδιζὴν
400 1282 538 1341 ὀνομάζουσιν
554 1288 616 1338 (oodd.
629 1284 695 1329 παιδὶ
710 1283 757 1343 ζῇν,
777 1284 856 1336 παιδίς

114 1353 168 1411 ζῆν),
192 1357 232 1396 nisi
256 1359 304 1410 quid
326 1371 363 1398 nos
384 1358 445 1408 fallio,
470 1359 590 1411 usurpatum
609 1370 648 1397 neo
665 1350 779 1397 ‘Lobeekius
798 1357 856 1397 novit

113 1423 189 1465 Pathol.
197 1425 235 1466 IX.
244 1429 262 1466 3.
276 1440 295 1479 p.
303 1429 345 1467 435
362 1440 399 1467 nee
409 1426 448 1466 viri
459 1426 513 1467 doeti
523 1425 591 1478 Steph.
603 1425 662 1466 Thes.
668 1426 714 1467 Vol.
719 1425 755 1467 VI.
766 1440 785 1478 p.
795 1428 828 1466 71.
835 1426 855 1465 Ι)

113 1493 134 1533 in
153 1494 242 1534 ordinem
260 1497 381 1548 receperunt
398 1508 436 1548 par
456 1496 477 1534 et
497 1494 567 1534 simile
579 1495 654 1534 nomini
673 1482 855 1549 κονιστήρλον

114 1562 176 1615 (quod
189 1564 247 1603 latini
262 1578 341 1616 quoque
355 1565 480 1616 usurparunt
494 1564 602 1617 scriptores
621 1563 670 1603 eous.
682 1563 757 1602 Polluo.
771 1561 810 1603 ΠΙ.
822 1565 856 1612 30,

115 1633 162 1671 154.
173 1646 192 1684 p.
201 1635 253 1673 348:
269 1630 296 1672 τὰ
306 1629 331 1673 δὲ
343 1628 411 1688 χοιρία
421 1633 459 1688 τῆς
473 1625 583 1687 ἀσκήσεως
592 1656 620 1661 -
630 1626 766 1687 παλαίστρα,
781 1626 856 1671 κονί-

115 1712 184 1756 στρα.
205 1700 282 1741 Iaoobs
292 1702 314 1741 in
324 1701 420 1741 Themist.
431 1700 465 1740 Or.
475 1700 579 1740 XXXIV.
589 1714 608 1753 p.
619 1703 668 1750 451,
684 1700 705 1751 9)
720 1701 741 1739 et
754 1694 857 1754 λῃστή-

114 1784 184 1823 ριον,
207 1771 260 1822 quod
279 1771 300 1810 in
321 1770 393 1810 eadem
412 1769 523 1819 sententia,
544 1781 583 1821 qua
602 1769 628 1807 ab
647 1768 723 1808 Ioanne
741 1766 856 1808 Canabutze

113 1837 152 1878 Ms.
167 1839 199 1878 fol.
215 1843 247 1879 19.
263 1852 293 1892 ap.
309 1838 372 1890 Oang.
388 1836 649 1891 Gloss.Append.p.120:
665 1831 751 1877 ἔκτισαν
767 1831 805 1876 καὶ
819 1832 858 1891 τὴν

112 1901 200 1963 Ῥώμην,
223 1906 259 1950 ἵνα
278 1904 354 1958 ἔχωσιν
370 1899 434 1963 αι’τὴν
449 1900 562 1961 λῃστήριον
577 1900 640 1962 ἤγουν
656 1899 711 1959 ὅπερ
726 1900 824 1958 λέγουσιν
836 1897 857 1944 ολ

115 1971 188 2016 κοινοί
208 1973 347 2032 λῃσταρχεῖον
369 1970 459 2028 (Lucan.
474 1974 532 2015 Asin.
547 1977 583 2015 26:
608 1970 634 2015 τὸ
658 1966 789 2027 καταγώγιον
814 1971 857 2012 τῶν

115 2041 206 2099 λῃστῶν)
226 2046 315 2099 positum
334 2046 376 2095 est,
397 2045 451 2098 apud
469 2044 599 2085 Eustathium
617 2043 639 2083 iu
658 2041 696 2083 Od.
712 2040 794 2083 XVIII.
810 2044 858 2082 367.

115 2128 135 2167 p.
151 2117 217 2165 1851,
233 2117 272 2155 44:
294 2111 366 2170 ἕτερος
384 2110 409 2155 δέ
428 2129 463 2163 τις
481 2137 510 2144 -
528 2108 581 2169 πἐρί
600 2107 714 2168 λῃστηρίου
733 2104 812 2167 γράφοι
831 2107 858 2151 τὸ

116 2174 151 2239 {pp
170 2179 282 2240 κονίστραι
303 2178 383 2234 λλξεινοι
400 2177 474 2238 λύθρῳ
492 2196 516 2223 τε
535 2179 572 2223 καί
591 2176 647 2238 ε’ίαρι
666 2174 802 2236 matteum
816 2179 859 2232 legi

116 2266 157 2293 non
173 2253 284 2294 attulerunt
298 2252 359 2293 fidem
373 2252 427 2293 dooti
441 2251 500 2292 Thes.
510 2250 556 2292 Vol.
563 2250 589 2292 V.
604 2265 623 2304 p.
634 2252 676 2291 264
685 2249 709 2289 B.
725 2250 766 2289 265
776 2248 800 2288 B.

480 2364 502 2412 3.

176 2458 231 2505 auid
248 2458 323 2511 igitur?
345 2460 452 2512 postquam
465 2457 590 2498 intelleetum
605 2458 637 2497 est
651 2456 701 2496 nihil
715 2456 779 2496 literis
794 2456 860 2510 prodi·

117 2532 160 2570 tum
175 2531 246 2569 extare
260 2528 327 2580 aliquo
341 2528 400 2568 modo
420 2529 554 2581 opportunum
573 2527 642 2567 uerbis
661 2525 711 2565 illis:
733 2526 860 2565 curvatas

117 2598 142 2638 in
160 2610 207 2637 sua
223 2597 277 2637 fata
296 2594 385 2637 trabes
407 2596 433 2635 ad
452 2594 561 2649 Cercyonis
580 2594 657 2635 nefaria
677 2595 721 2634 arte
739 2594 800 2644 atque
817 2591 862 2645 ipsa

117 2668 219 2721 palaestra
237 2666 317 2707 infamis
342 2664 509 2717 significationem
532 2663 686 2716 detorquenda,
711 2662 777 2701 iamne
801 2660 862 2700 Pro-
