<?xml version="1.0" encoding="UTF-8"?>
<!DOCTYPE html PUBLIC "-//W3C//DTD XHTML 1.0 Transitional//EN"
    "http://www.w3.org/TR/xhtml1/DTD/xhtml1-transitional.dtd">
<html xmlns="http://www.w3.org/1999/xhtml" xml:lang="en" lang="en">
 <head>
  <title>
</title>
<meta http-equiv="Content-Type" content="text/html;charset=utf-8" />
  <meta name='ocr-system' content='tesseract 3.04.00' />
  <meta name='ocr-capabilities' content='ocr_page ocr_carea ocr_par ocr_line ocrx_word'/>
</head>
<body>
  <div class='ocr_page' id='page_1' title='image "MN40028ucmf_5_0109.png"; bbox 0 0 1780 2936; ppageno 0'>
   <div class='ocr_carea' id='block_1_1' title="bbox 386 73 802 129">
    <p class='ocr_par' dir='ltr' id='par_1_1' title="bbox 386 73 802 129">
     <span class='ocr_line' id='line_1_1' title="bbox 386 73 802 129; baseline 0.005 -11"><span class='ocrx_word' id='word_1_1' title='bbox 386 86 442 129; x_wconf 82' lang='lat' dir='ltr'><strong>Caput</strong></span> <span class='ocrx_word' id='word_1_2' title='bbox 454 85 476 119; x_wconf 84' lang='grc'><strong>7.</strong></span> <span class='ocrx_word' id='word_1_3' title='bbox 777 73 802 111; x_wconf 69' lang='lat'><strong>39</strong></span> 
     </span>
    </p>
   </div>
   <div class='ocr_carea' id='block_1_2' title="bbox 45 184 806 1432">
    <p class='ocr_par' dir='ltr' id='par_1_2' title="bbox 45 184 806 1432">
     <span class='ocr_line' id='line_1_2' title="bbox 61 184 804 244; baseline -0.012 -9"><span class='ocrx_word' id='word_1_4' title='bbox 61 196 163 236; x_wconf 84' lang='lat' dir='ltr'><strong>Lucianus</strong></span> <span class='ocrx_word' id='word_1_5' title='bbox 177 194 249 234; x_wconf 86' lang='lat' dir='ltr'><strong>Bacch.</strong></span> <span class='ocrx_word' id='word_1_6' title='bbox 260 197 278 233; x_wconf 90' lang='grc'><strong>2.</strong></span> <span class='ocrx_word' id='word_1_7' title='bbox 293 196 315 242; x_wconf 99' lang='grc'><strong>4,</strong></span> <span class='ocrx_word' id='word_1_8' title='bbox 330 193 415 244; x_wconf 82' lang='lat' dir='ltr'><strong>deniqne</strong></span> <span class='ocrx_word' id='word_1_9' title='bbox 432 191 465 242; x_wconf 84' lang='lat' dir='ltr'><strong>qni</strong></span> <span class='ocrx_word' id='word_1_10' title='bbox 478 189 547 237; x_wconf 80' lang='lat' dir='ltr'><strong>illum,</strong></span> <span class='ocrx_word' id='word_1_11' title='bbox 562 191 585 228; x_wconf 89' lang='lat' dir='ltr'><strong>ut</strong></span> <span class='ocrx_word' id='word_1_12' title='bbox 600 184 728 229; x_wconf 72' lang='grc' dir='ltr'><em>παππίδιον</em></span> <span class='ocrx_word' id='word_1_13' title='bbox 744 187 804 226; x_wconf 85' lang='lat' dir='ltr'><strong>adeo</strong></span> 
     </span>
     <span class='ocr_line' id='line_1_3' title="bbox 62 257 805 317; baseline -0.015 -11"><span class='ocrx_word' id='word_1_14' title='bbox 62 265 141 317; x_wconf 80' lang='lat' dir='ltr'><strong>(Iulian.</strong></span> <span class='ocrx_word' id='word_1_15' title='bbox 157 263 214 305; x_wconf 80' lang='lat' dir='ltr'><strong>Caes.</strong></span> <span class='ocrx_word' id='word_1_16' title='bbox 232 277 251 316; x_wconf 84' lang='lat' dir='ltr'><strong>p.</strong></span> <span class='ocrx_word' id='word_1_17' title='bbox 263 266 287 313; x_wconf 82' lang='grc'><strong>9,</strong></span> <span class='ocrx_word' id='word_1_18' title='bbox 303 265 336 302; x_wconf 78' lang='grc'><strong>29.</strong></span> <span class='ocrx_word' id='word_1_19' title='bbox 352 264 379 300; x_wconf 92' lang='grc'><strong>27</strong></span> <span class='ocrx_word' id='word_1_20' title='bbox 384 263 419 310; x_wconf 84' lang='grc'><strong>,4.</strong></span> <span class='ocrx_word' id='word_1_21' title='bbox 452 258 526 299; x_wconf 83' lang='lat' dir='ltr'><strong>hloser.</strong></span> <span class='ocrx_word' id='word_1_22' title='bbox 546 258 567 296; x_wconf 90' lang='lat' dir='ltr'><strong>in</strong></span> <span class='ocrx_word' id='word_1_23' title='bbox 582 258 647 298; x_wconf 86' lang='grc'><strong>17000.</strong></span> <span class='ocrx_word' id='word_1_24' title='bbox 666 272 685 311; x_wconf 92' lang='lat' dir='ltr'><strong>p.</strong></span> <span class='ocrx_word' id='word_1_25' title='bbox 696 260 756 308; x_wconf 77' lang='lat'><strong>239),</strong></span> <span class='ocrx_word' id='word_1_26' title='bbox 776 257 805 295; x_wconf 90' lang='lat' dir='ltr'><strong>ita</strong></span> 
     </span>
     <span class='ocr_line' id='line_1_4' title="bbox 61 325 804 387; baseline -0.013 -13"><span class='ocrx_word' id='word_1_27' title='bbox 61 336 160 387; x_wconf 82' lang='lat' dir='ltr'><strong>patrem</strong></span> <span class='ocrx_word' id='word_1_28' title='bbox 175 346 187 373; x_wconf 90' lang='lat' dir='ltr'><strong>a</strong></span> <span class='ocrx_word' id='word_1_29' title='bbox 201 332 280 385; x_wconf 78' lang='lat' dir='ltr'><strong>Satyris</strong></span> <span class='ocrx_word' id='word_1_30' title='bbox 300 333 394 371; x_wconf 84' lang='lat' dir='ltr'><strong>vocatum</strong></span> <span class='ocrx_word' id='word_1_31' title='bbox 409 342 455 369; x_wconf 85' lang='lat' dir='ltr'><strong>esse</strong></span> <span class='ocrx_word' id='word_1_32' title='bbox 471 329 572 368; x_wconf 70' lang='lat' dir='ltr'><strong>testantur</strong></span> <span class='ocrx_word' id='word_1_33' title='bbox 588 326 672 366; x_wconf 83' lang='lat' dir='ltr'><strong>Ovidius</strong></span> <span class='ocrx_word' id='word_1_34' title='bbox 687 326 713 366; x_wconf 77' lang='lat' dir='ltr'><strong>A.</strong></span> <span class='ocrx_word' id='word_1_35' title='bbox 728 327 774 366; x_wconf 73' lang='lat' dir='ltr'><strong>Am.</strong></span> <span class='ocrx_word' id='word_1_36' title='bbox 788 325 804 364; x_wconf 89' lang='lat' dir='ltr'><strong>I.</strong></span> 
     </span>
     <span class='ocr_line' id='line_1_5' title="bbox 62 395 803 452; baseline -0.013 -8"><span class='ocrx_word' id='word_1_37' title='bbox 62 405 103 443; x_wconf 83' lang='lat'><strong>548</strong></span> <span class='ocrx_word' id='word_1_38' title='bbox 119 402 259 448; x_wconf 72' lang='grc'><strong>0417054111,</strong></span> <span class='ocrx_word' id='word_1_39' title='bbox 277 401 329 450; x_wconf 84' lang='grc'>757,</span> <span class='ocrx_word' id='word_1_40' title='bbox 346 412 395 452; x_wconf 86' lang='lat' dir='ltr'><strong>quos</strong></span> <span class='ocrx_word' id='word_1_41' title='bbox 414 399 468 437; x_wconf 87' lang='lat' dir='ltr'><strong>locos</strong></span> <span class='ocrx_word' id='word_1_42' title='bbox 485 396 596 448; x_wconf 80' lang='lat' dir='ltr'><strong>composuit</strong></span> <span class='ocrx_word' id='word_1_43' title='bbox 611 395 704 448; x_wconf 80' lang='lat' dir='ltr'><strong>Begerus</strong></span> <span class='ocrx_word' id='word_1_44' title='bbox 720 396 755 435; x_wconf 82' lang='lat' dir='ltr'><strong>Th.</strong></span> <span class='ocrx_word' id='word_1_45' title='bbox 769 395 803 435; x_wconf 88' lang='lat' dir='ltr'><strong>Br.</strong></span> 
     </span>
     <span class='ocr_line' id='line_1_6' title="bbox 60 457 803 524; baseline -0.012 -12"><span class='ocrx_word' id='word_1_46' title='bbox 60 471 76 511; x_wconf 83' lang='grc'><strong>1.</strong></span> <span class='ocrx_word' id='word_1_47' title='bbox 90 486 108 524; x_wconf 93' lang='lat' dir='ltr'><strong>p.</strong></span> <span class='ocrx_word' id='word_1_48' title='bbox 120 474 159 522; x_wconf 82' lang='grc'><strong>20,</strong></span> <span class='ocrx_word' id='word_1_49' title='bbox 175 472 195 510; x_wconf 87' lang='grc'><strong>04</strong></span> <span class='ocrx_word' id='word_1_50' title='bbox 210 471 255 523; x_wconf 87' lang='lat' dir='ltr'><strong>ipse</strong></span> <span class='ocrx_word' id='word_1_51' title='bbox 270 468 387 520; x_wconf 72' lang='lat' dir='ltr'><strong>Propertius</strong></span> <span class='ocrx_word' id='word_1_52' title='bbox 402 466 441 505; x_wconf 77' lang='grc' dir='ltr'><strong>ΠῘ.</strong></span> <span class='ocrx_word' id='word_1_53' title='bbox 453 470 472 515; x_wconf 80' lang='grc'><strong>2,</strong></span> <span class='ocrx_word' id='word_1_54' title='bbox 483 468 521 505; x_wconf 78' lang='lat'><strong>23:</strong></span> <span class='ocrx_word' id='word_1_55' title='bbox 543 464 621 514; x_wconf 73' lang='lat' dir='ltr'><strong>„Sileni</strong></span> <span class='ocrx_word' id='word_1_56' title='bbox 637 457 721 517; x_wconf 83' lang='lat' dir='ltr'><strong>patris</strong></span> <span class='ocrx_word' id='word_1_57' title='bbox 736 466 803 516; x_wconf 76' lang='lat' dir='ltr'><strong>imago</strong></span> 
     </span>
     <span class='ocr_line' id='line_1_7' title="bbox 60 532 804 589; baseline -0.012 -8"><span class='ocrx_word' id='word_1_58' title='bbox 60 541 153 581; x_wconf 65' lang='grc' dir='ltr'><strong>11ίο41115α</strong></span> <span class='ocrx_word' id='word_1_59' title='bbox 171 541 192 579; x_wconf 86' lang='grc'><strong>04</strong></span> <span class='ocrx_word' id='word_1_60' title='bbox 210 539 250 578; x_wconf 88' lang='lat' dir='ltr'><strong>Iuc.</strong></span> <span class='ocrx_word' id='word_1_61' title='bbox 271 536 358 589; x_wconf 83' lang='lat' dir='ltr'><strong>Epithal.</strong></span> <span class='ocrx_word' id='word_1_62' title='bbox 378 535 461 587; x_wconf 71' lang='lat' dir='ltr'><strong>Auspic.</strong></span> <span class='ocrx_word' id='word_1_63' title='bbox 482 533 623 574; x_wconf 68' lang='lat' dir='ltr'><strong>attelini:</strong></span> <span class='ocrx_word' id='word_1_64' title='bbox 644 532 713 584; x_wconf 81' lang='lat' dir='ltr'><strong>„Ecce</strong></span> <span class='ocrx_word' id='word_1_65' title='bbox 729 535 804 586; x_wconf 83' lang='lat' dir='ltr'><strong>pater</strong></span> 
     </span>
     <span class='ocr_line' id='line_1_8' title="bbox 60 601 804 663; baseline -0.012 -14"><span class='ocrx_word' id='word_1_66' title='bbox 60 610 126 663; x_wconf 86' lang='lat' dir='ltr'><strong>pando</strong></span> <span class='ocrx_word' id='word_1_67' title='bbox 136 608 236 647; x_wconf 74' lang='lat' dir='ltr'><strong>recubans</strong></span> <span class='ocrx_word' id='word_1_68' title='bbox 248 605 353 645; x_wconf 79' lang='lat' dir='ltr'><strong>Silenus</strong></span> <span class='ocrx_word' id='word_1_69' title='bbox 364 603 443 643; x_wconf 83' lang='lat' dir='ltr'><strong>asello“</strong></span> <span class='ocrx_word' id='word_1_70' title='bbox 457 603 480 642; x_wconf 83' lang='grc'><strong>04.</strong></span> <span class='ocrx_word' id='word_1_71' title='bbox 490 602 553 642; x_wconf 85' lang='lat' dir='ltr'><strong>Piers.</strong></span> <span class='ocrx_word' id='word_1_72' title='bbox 563 602 657 642; x_wconf 82' lang='lat' dir='ltr'><strong>Verisim.</strong></span> <span class='ocrx_word' id='word_1_73' title='bbox 664 601 691 641; x_wconf 86' lang='lat' dir='ltr'><strong>ll.</strong></span> <span class='ocrx_word' id='word_1_74' title='bbox 700 606 717 641; x_wconf 91' lang='lat'><strong>1.</strong></span> <span class='ocrx_word' id='word_1_75' title='bbox 728 616 747 654; x_wconf 90' lang='lat' dir='ltr'><strong>p.</strong></span> <span class='ocrx_word' id='word_1_76' title='bbox 757 604 804 641; x_wconf 78' lang='lat'><strong>143.</strong></span> 
     </span>
     <span class='ocr_line' id='line_1_9' title="bbox 60 671 806 727; baseline -0.012 -10"><span class='ocrx_word' id='word_1_77' title='bbox 60 678 115 717; x_wconf 84' lang='lat' dir='ltr'><strong>Nihil</strong></span> <span class='ocrx_word' id='word_1_78' title='bbox 129 677 192 727; x_wconf 79' lang='lat' dir='ltr'><strong>igitur</strong></span> <span class='ocrx_word' id='word_1_79' title='bbox 205 687 217 714; x_wconf 89' lang='grc'><strong>0</strong></span> <span class='ocrx_word' id='word_1_80' title='bbox 231 673 335 726; x_wconf 77' lang='lat' dir='ltr'><strong>Propertio</strong></span> <span class='ocrx_word' id='word_1_81' title='bbox 351 673 417 725; x_wconf 87' lang='lat' dir='ltr'><strong>aptius</strong></span> <span class='ocrx_word' id='word_1_82' title='bbox 429 671 580 712; x_wconf 88' lang='lat' dir='ltr'><strong>commemorari</strong></span> <span class='ocrx_word' id='word_1_83' title='bbox 589 671 655 724; x_wconf 89' lang='lat' dir='ltr'><strong>potnit</strong></span> <span class='ocrx_word' id='word_1_84' title='bbox 665 671 806 724; x_wconf 80' lang='lat' dir='ltr'><strong>Nympharum</strong></span> 
     </span>
     <span class='ocr_line' id='line_1_10' title="bbox 61 739 805 795; baseline -0.011 -10"><span class='ocrx_word' id='word_1_85' title='bbox 61 748 82 785; x_wconf 87' lang='lat' dir='ltr'><strong>et</strong></span> <span class='ocrx_word' id='word_1_86' title='bbox 96 745 209 794; x_wconf 76' lang='lat' dir='ltr'><strong>Silenorum</strong></span> <span class='ocrx_word' id='word_1_87' title='bbox 228 756 303 795; x_wconf 80' lang='lat' dir='ltr'><strong>genere</strong></span> <span class='ocrx_word' id='word_1_88' title='bbox 322 743 347 782; x_wconf 89' lang='lat' dir='ltr'><strong>ad</strong></span> <span class='ocrx_word' id='word_1_89' title='bbox 365 742 528 795; x_wconf 87' lang='lat' dir='ltr'><strong>peccandum</strong></span> <span class='ocrx_word' id='word_1_90' title='bbox 549 740 680 793; x_wconf 48' lang='lat' dir='ltr'><strong>pronissime.</strong></span> <span class='ocrx_word' id='word_1_91' title='bbox 703 739 724 778; x_wconf 88' lang='lat' dir='ltr'><strong>id</strong></span> <span class='ocrx_word' id='word_1_92' title='bbox 738 739 805 791; x_wconf 86' lang='lat' dir='ltr'><strong>ipsum</strong></span> 
     </span>
     <span class='ocr_line' id='line_1_11' title="bbox 60 807 806 865; baseline -0.008 -12"><span class='ocrx_word' id='word_1_93' title='bbox 60 816 128 854; x_wconf 85' lang='lat' dir='ltr'><strong>antem</strong></span> <span class='ocrx_word' id='word_1_94' title='bbox 142 814 238 862; x_wconf 76' lang='lat' dir='ltr'><strong>verbum,</strong></span> <span class='ocrx_word' id='word_1_95' title='bbox 256 812 309 865; x_wconf 87' lang='lat' dir='ltr'><strong>quod</strong></span> <span class='ocrx_word' id='word_1_96' title='bbox 325 812 347 851; x_wconf 91' lang='lat' dir='ltr'><strong>in</strong></span> <span class='ocrx_word' id='word_1_97' title='bbox 361 823 386 850; x_wconf 86' lang='lat' dir='ltr'><strong>ea</strong></span> <span class='ocrx_word' id='word_1_98' title='bbox 399 823 422 850; x_wconf 90' lang='lat' dir='ltr'><strong>re</strong></span> <span class='ocrx_word' id='word_1_99' title='bbox 437 811 517 864; x_wconf 81' lang='lat' dir='ltr'><strong>proprie</strong></span> <span class='ocrx_word' id='word_1_100' title='bbox 532 807 640 860; x_wconf 52' lang='lat' dir='ltr'><strong>dicitnr),</strong></span> <span class='ocrx_word' id='word_1_101' title='bbox 653 808 728 848; x_wconf 88' lang='lat' dir='ltr'><strong>nullius</strong></span> <span class='ocrx_word' id='word_1_102' title='bbox 743 821 806 859; x_wconf 80' lang='lat' dir='ltr'><strong>nego·</strong></span> 
     </span>
     <span class='ocr_line' id='line_1_12' title="bbox 59 883 249 936; baseline -0.011 -13"><span class='ocrx_word' id='word_1_103' title='bbox 59 884 83 923; x_wconf 91' lang='lat' dir='ltr'><strong>tii</strong></span> <span class='ocrx_word' id='word_1_104' title='bbox 96 883 135 922; x_wconf 81' lang='lat' dir='ltr'><strong>fuit</strong></span> <span class='ocrx_word' id='word_1_105' title='bbox 148 894 249 936; x_wconf 83' lang='lat' dir='ltr'><strong>reparare.</strong></span> 
     </span>
     <span class='ocr_line' id='line_1_13' title="bbox 118 964 806 1019; baseline -0.007 -12"><span class='ocrx_word' id='word_1_106' title='bbox 118 966 223 1019; x_wconf 81' lang='lat' dir='ltr'><strong>Sequitur,</strong></span> <span class='ocrx_word' id='word_1_107' title='bbox 239 968 263 1006; x_wconf 89' lang='lat' dir='ltr'><strong>ut</strong></span> <span class='ocrx_word' id='word_1_108' title='bbox 279 966 371 1019; x_wconf 82' lang='lat' dir='ltr'><strong>quartum</strong></span> <span class='ocrx_word' id='word_1_109' title='bbox 386 965 501 1017; x_wconf 81' lang='lat' dir='ltr'><strong>exemplum</strong></span> <span class='ocrx_word' id='word_1_110' title='bbox 516 978 527 1003; x_wconf 85' lang='lat' dir='ltr'><strong>a</strong></span> <span class='ocrx_word' id='word_1_111' title='bbox 542 966 603 1016; x_wconf 86' lang='lat' dir='ltr'><strong>poeta</strong></span> <span class='ocrx_word' id='word_1_112' title='bbox 616 964 703 1016; x_wconf 88' lang='lat' dir='ltr'><strong>positum</strong></span> <span class='ocrx_word' id='word_1_113' title='bbox 717 965 806 1014; x_wconf 74' lang='lat' dir='ltr'><strong>eruatur,</strong></span> 
     </span>
     <span class='ocr_line' id='line_1_14' title="bbox 45 1032 805 1088; baseline -0.005 -13"><span class='ocrx_word' id='word_1_114' title='bbox 45 1037 114 1088; x_wconf 67' lang='lat' dir='ltr'><strong>&#39;quod</strong></span> <span class='ocrx_word' id='word_1_115' title='bbox 129 1050 174 1077; x_wconf 91' lang='lat' dir='ltr'><strong>cum</strong></span> <span class='ocrx_word' id='word_1_116' title='bbox 190 1049 259 1076; x_wconf 87' lang='lat' dir='ltr'><strong>omnes</strong></span> <span class='ocrx_word' id='word_1_117' title='bbox 274 1035 340 1074; x_wconf 87' lang='lat' dir='ltr'><strong>adhuc</strong></span> <span class='ocrx_word' id='word_1_118' title='bbox 355 1034 426 1074; x_wconf 76' lang='lat' dir='ltr'><strong>fefellit</strong></span> <span class='ocrx_word' id='word_1_119' title='bbox 440 1036 483 1073; x_wconf 88' lang='lat' dir='ltr'><strong>tum</strong></span> <span class='ocrx_word' id='word_1_120' title='bbox 494 1034 515 1073; x_wconf 90' lang='lat' dir='ltr'><strong>et</strong></span> <span class='ocrx_word' id='word_1_121' title='bbox 524 1033 662 1082; x_wconf 72' lang='lat' dir='ltr'><strong>lllanseninm,</strong></span> <span class='ocrx_word' id='word_1_122' title='bbox 678 1033 712 1085; x_wconf 88' lang='lat' dir='ltr'><strong>qui</strong></span> <span class='ocrx_word' id='word_1_123' title='bbox 721 1032 805 1072; x_wconf 83' lang='lat' dir='ltr'><strong>Naica</strong></span> 
     </span>
     <span class='ocr_line' id='line_1_15' title="bbox 60 1102 806 1158; baseline -0.005 -14"><span class='ocrx_word' id='word_1_124' title='bbox 60 1106 126 1145; x_wconf 90' lang='lat' dir='ltr'><strong>dona</strong></span> <span class='ocrx_word' id='word_1_125' title='bbox 145 1118 205 1158; x_wconf 88' lang='lat' dir='ltr'><strong>poma</strong></span> <span class='ocrx_word' id='word_1_126' title='bbox 217 1106 238 1144; x_wconf 91' lang='lat' dir='ltr'><strong>in</strong></span> <span class='ocrx_word' id='word_1_127' title='bbox 255 1104 358 1144; x_wconf 83' lang='lat' dir='ltr'><strong>humido</strong></span> <span class='ocrx_word' id='word_1_128' title='bbox 378 1104 432 1143; x_wconf 94' lang='grc'><strong>5010</strong></span> <span class='ocrx_word' id='word_1_129' title='bbox 447 1103 558 1143; x_wconf 85' lang='lat' dir='ltr'><strong>laetissime</strong></span> <span class='ocrx_word' id='word_1_130' title='bbox 574 1102 631 1154; x_wconf 76' lang='lat' dir='ltr'><strong>gigni</strong></span> <span class='ocrx_word' id='word_1_131' title='bbox 645 1102 704 1142; x_wconf 85' lang='lat' dir='ltr'><strong>solita</strong></span> <span class='ocrx_word' id='word_1_132' title='bbox 718 1102 806 1152; x_wconf 74' lang='lat' dir='ltr'><strong>intelligi</strong></span> 
     </span>
     <span class='ocr_line' id='line_1_16' title="bbox 60 1171 805 1225; baseline -0.005 -11"><span class='ocrx_word' id='word_1_133' title='bbox 60 1175 124 1214; x_wconf 75' lang='lat' dir='ltr'><strong>noluit</strong></span> <span class='ocrx_word' id='word_1_134' title='bbox 139 1175 164 1214; x_wconf 87' lang='lat' dir='ltr'><strong>de</strong></span> <span class='ocrx_word' id='word_1_135' title='bbox 178 1173 229 1213; x_wconf 80' lang='lat' dir='ltr'><strong>Aen.</strong></span> <span class='ocrx_word' id='word_1_136' title='bbox 246 1175 266 1213; x_wconf 90' lang='lat' dir='ltr'><strong>et</strong></span> <span class='ocrx_word' id='word_1_137' title='bbox 278 1173 356 1213; x_wconf 86' lang='lat' dir='ltr'><strong>Penatt.</strong></span> <span class='ocrx_word' id='word_1_138' title='bbox 366 1171 394 1212; x_wconf 88' lang='grc' dir='ltr'><strong>Π.</strong></span> <span class='ocrx_word' id='word_1_139' title='bbox 410 1186 428 1225; x_wconf 91' lang='lat' dir='ltr'><strong>p.</strong></span> <span class='ocrx_word' id='word_1_140' title='bbox 441 1172 488 1212; x_wconf 81' lang='grc'><strong>754.</strong></span> <span class='ocrx_word' id='word_1_141' title='bbox 504 1173 544 1211; x_wconf 89' lang='lat' dir='ltr'><strong>not.</strong></span> <span class='ocrx_word' id='word_1_142' title='bbox 557 1173 648 1220; x_wconf 76' lang='grc'><strong>13880,</strong></span> <span class='ocrx_word' id='word_1_143' title='bbox 668 1173 688 1210; x_wconf 86' lang='grc'><strong>04</strong></span> <span class='ocrx_word' id='word_1_144' title='bbox 707 1171 805 1211; x_wconf 81' lang='lat' dir='ltr'><strong>Basiliam</strong></span> 
     </span>
     <span class='ocr_line' id='line_1_17' title="bbox 60 1239 805 1295; baseline -0.004 -13"><span class='ocrx_word' id='word_1_145' title='bbox 60 1243 179 1292; x_wconf 85' lang='lat' dir='ltr'><strong>Zanobium,</strong></span> <span class='ocrx_word' id='word_1_146' title='bbox 209 1243 242 1295; x_wconf 79' lang='lat' dir='ltr'><strong>qui</strong></span> <span class='ocrx_word' id='word_1_147' title='bbox 260 1243 282 1281; x_wconf 90' lang='lat' dir='ltr'><strong>in</strong></span> <span class='ocrx_word' id='word_1_148' title='bbox 300 1241 389 1281; x_wconf 89' lang='lat' dir='ltr'><strong>carmine</strong></span> <span class='ocrx_word' id='word_1_149' title='bbox 406 1241 426 1280; x_wconf 90' lang='lat' dir='ltr'><strong>in</strong></span> <span class='ocrx_word' id='word_1_150' title='bbox 442 1241 554 1293; x_wconf 79' lang='lat' dir='ltr'><strong>Lycinnam</strong></span> <span class='ocrx_word' id='word_1_151' title='bbox 568 1241 620 1280; x_wconf 84' lang='lat' dir='ltr'><strong>facto</strong></span> <span class='ocrx_word' id='word_1_152' title='bbox 640 1241 726 1292; x_wconf 78' lang='grc'><strong>01455</strong></span> <span class='ocrx_word' id='word_1_153' title='bbox 742 1239 805 1280; x_wconf 79' lang='lat' dir='ltr'><strong>Nai-</strong></span> 
     </span>
     <span class='ocr_line' id='line_1_18' title="bbox 61 1309 806 1364; baseline -0.004 -12"><span class='ocrx_word' id='word_1_154' title='bbox 61 1324 113 1352; x_wconf 89' lang='lat' dir='ltr'><strong>cam</strong></span> <span class='ocrx_word' id='word_1_155' title='bbox 128 1312 230 1352; x_wconf 89' lang='lat' dir='ltr'><strong>turbam</strong></span> <span class='ocrx_word' id='word_1_156' title='bbox 243 1310 338 1364; x_wconf 85' lang='lat' dir='ltr'><strong>protulit:</strong></span> <span class='ocrx_word' id='word_1_157' title='bbox 357 1309 441 1361; x_wconf 77' lang='lat' dir='ltr'><strong>„Saltat</strong></span> <span class='ocrx_word' id='word_1_158' title='bbox 457 1313 477 1350; x_wconf 87' lang='lat' dir='ltr'><strong>et</strong></span> <span class='ocrx_word' id='word_1_159' title='bbox 487 1310 513 1350; x_wconf 86' lang='lat' dir='ltr'><strong>ad</strong></span> <span class='ocrx_word' id='word_1_160' title='bbox 523 1323 617 1349; x_wconf 89' lang='lat' dir='ltr'><strong>numeros</strong></span> <span class='ocrx_word' id='word_1_161' title='bbox 631 1309 652 1348; x_wconf 82' lang='grc'><strong>11</strong></span> <span class='ocrx_word' id='word_1_162' title='bbox 657 1309 713 1349; x_wconf 87' lang='lat' dir='ltr'><strong>aica</strong></span> <span class='ocrx_word' id='word_1_163' title='bbox 727 1310 806 1349; x_wconf 85' lang='lat' dir='ltr'><strong>turba</strong></span> 
     </span>
     <span class='ocr_line' id='line_1_19' title="bbox 60 1378 806 1432; baseline -0.003 -12"><span class='ocrx_word' id='word_1_164' title='bbox 60 1383 105 1421; x_wconf 87' lang='lat' dir='ltr'><strong>tuos</strong></span> <span class='ocrx_word' id='word_1_165' title='bbox 112 1381 124 1401; x_wconf 83' lang='lat'><strong><em>“</em></strong></span> <span class='ocrx_word' id='word_1_166' title='bbox 138 1381 186 1432; x_wconf 78' lang='lat' dir='ltr'><strong>(rid.</strong></span> <span class='ocrx_word' id='word_1_167' title='bbox 201 1379 239 1419; x_wconf 78' lang='lat' dir='ltr'><strong>An.</strong></span> <span class='ocrx_word' id='word_1_168' title='bbox 254 1380 312 1432; x_wconf 86' lang='lat' dir='ltr'><strong>Prop.</strong></span> <span class='ocrx_word' id='word_1_169' title='bbox 327 1392 346 1432; x_wconf 88' lang='lat' dir='ltr'><strong>p.</strong></span> <span class='ocrx_word' id='word_1_170' title='bbox 358 1381 404 1431; x_wconf 79' lang='lat'><strong>21),</strong></span> <span class='ocrx_word' id='word_1_171' title='bbox 420 1378 605 1419; x_wconf 78' lang='grc' dir='ltr'><strong>0400517001οο</strong></span> <span class='ocrx_word' id='word_1_172' title='bbox 621 1379 672 1418; x_wconf 88' lang='lat' dir='ltr'><strong>dona</strong></span> <span class='ocrx_word' id='word_1_173' title='bbox 688 1378 716 1418; x_wconf 93' lang='lat' dir='ltr'><strong>sio</strong></span> <span class='ocrx_word' id='word_1_174' title='bbox 732 1391 744 1418; x_wconf 87' lang='grc'><strong>0</strong></span> <span class='ocrx_word' id='word_1_175' title='bbox 758 1378 806 1418; x_wconf 87' lang='lat' dir='ltr'><strong>Pro-</strong></span> 
     </span>
    </p>
   </div>
   <div class='ocr_carea' id='block_1_3' title="bbox 60 1447 808 1777">
    <p class='ocr_par' dir='ltr' id='par_1_3' title="bbox 60 1447 808 1777">
     <span class='ocr_line' id='line_1_20' title="bbox 60 1447 807 1503; baseline -0.003 -14"><span class='ocrx_word' id='word_1_176' title='bbox 60 1450 124 1503; x_wconf 89' lang='lat' dir='ltr'><strong>pertio</strong></span> <span class='ocrx_word' id='word_1_177' title='bbox 148 1450 201 1489; x_wconf 87' lang='lat' dir='ltr'><strong>dicta</strong></span> <span class='ocrx_word' id='word_1_178' title='bbox 226 1461 271 1488; x_wconf 86' lang='lat' dir='ltr'><strong>esse</strong></span> <span class='ocrx_word' id='word_1_179' title='bbox 293 1449 339 1488; x_wconf 92' lang='lat' dir='ltr'><strong>olim</strong></span> <span class='ocrx_word' id='word_1_180' title='bbox 362 1447 399 1487; x_wconf 83' lang='lat' dir='ltr'><strong>An.</strong></span> <span class='ocrx_word' id='word_1_181' title='bbox 423 1448 481 1500; x_wconf 86' lang='lat' dir='ltr'><strong>Prop.</strong></span> <span class='ocrx_word' id='word_1_182' title='bbox 505 1462 523 1500; x_wconf 88' lang='lat' dir='ltr'><strong>p.</strong></span> <span class='ocrx_word' id='word_1_183' title='bbox 541 1450 567 1487; x_wconf 92' lang='grc'><strong>22</strong></span> <span class='ocrx_word' id='word_1_184' title='bbox 590 1461 619 1500; x_wconf 78' lang='lat' dir='ltr'><strong>sq.</strong></span> <span class='ocrx_word' id='word_1_185' title='bbox 641 1448 758 1498; x_wconf 73' lang='lat' dir='ltr'><strong>arbitratos,</strong></span> <span class='ocrx_word' id='word_1_186' title='bbox 784 1449 807 1487; x_wconf 88' lang='lat' dir='ltr'><strong>ut</strong></span> 
     </span>
     <span class='ocr_line' id='line_1_21' title="bbox 61 1515 806 1571; baseline 0 -15"><span class='ocrx_word' id='word_1_187' title='bbox 61 1518 229 1571; x_wconf 75' lang='lat' dir='ltr'><strong>Tirynthiam</strong></span> <span class='ocrx_word' id='word_1_188' title='bbox 249 1518 337 1557; x_wconf 87' lang='lat' dir='ltr'><strong>lunam</strong></span> <span class='ocrx_word' id='word_1_189' title='bbox 356 1529 368 1556; x_wconf 98' lang='grc'><strong>0</strong></span> <span class='ocrx_word' id='word_1_190' title='bbox 387 1517 451 1557; x_wconf 80' lang='lat' dir='ltr'><strong>Statio</strong></span> <span class='ocrx_word' id='word_1_191' title='bbox 472 1517 519 1557; x_wconf 73' lang='lat' dir='ltr'><strong>silv.</strong></span> <span class='ocrx_word' id='word_1_192' title='bbox 535 1516 571 1556; x_wconf 80' lang='grc'><strong>17.</strong></span> <span class='ocrx_word' id='word_1_193' title='bbox 584 1519 606 1566; x_wconf 83' lang='grc'><strong>6,</strong></span> <span class='ocrx_word' id='word_1_194' title='bbox 624 1519 657 1557; x_wconf 80' lang='grc'><strong>16.</strong></span> <span class='ocrx_word' id='word_1_195' title='bbox 687 1515 769 1557; x_wconf 76' lang='lat' dir='ltr'><strong>Gerart.</strong></span> <span class='ocrx_word' id='word_1_196' title='bbox 785 1516 806 1556; x_wconf 93' lang='lat' dir='ltr'><strong>in</strong></span> 
     </span>
     <span class='ocr_line' id='line_1_22' title="bbox 61 1584 805 1639; baseline 0 -14"><span class='ocrx_word' id='word_1_197' title='bbox 61 1586 108 1625; x_wconf 74' lang='lat' dir='ltr'><strong>silv.</strong></span> <span class='ocrx_word' id='word_1_198' title='bbox 120 1586 135 1626; x_wconf 85' lang='grc' dir='ltr'><strong>Ι,</strong></span> <span class='ocrx_word' id='word_1_199' title='bbox 148 1592 166 1627; x_wconf 90' lang='lat'><strong>3.</strong></span> <span class='ocrx_word' id='word_1_200' title='bbox 182 1600 200 1639; x_wconf 89' lang='lat' dir='ltr'><strong>p.</strong></span> <span class='ocrx_word' id='word_1_201' title='bbox 213 1586 290 1624; x_wconf 71' lang='lat'><strong>1034.</strong></span> <span class='ocrx_word' id='word_1_202' title='bbox 321 1585 382 1625; x_wconf 81' lang='lat' dir='ltr'><strong>Gron.</strong></span> <span class='ocrx_word' id='word_1_203' title='bbox 397 1585 460 1625; x_wconf 86' lang='lat' dir='ltr'><strong>Diatr.</strong></span> <span class='ocrx_word' id='word_1_204' title='bbox 476 1585 491 1624; x_wconf 86' lang='lat' dir='ltr'><strong>l.</strong></span> <span class='ocrx_word' id='word_1_205' title='bbox 506 1599 525 1638; x_wconf 88' lang='lat' dir='ltr'><strong>p.</strong></span> <span class='ocrx_word' id='word_1_206' title='bbox 536 1588 584 1625; x_wconf 79' lang='lat'><strong>437.</strong></span> <span class='ocrx_word' id='word_1_207' title='bbox 614 1584 696 1625; x_wconf 82' lang='lat' dir='ltr'><strong>Hertnb.</strong></span> <span class='ocrx_word' id='word_1_208' title='bbox 712 1584 805 1631; x_wconf 73' lang='lat' dir='ltr'><strong>Quaestt.</strong></span> 
     </span>
     <span class='ocr_line' id='line_1_23' title="bbox 60 1653 808 1708; baseline 0.001 -15"><span class='ocrx_word' id='word_1_209' title='bbox 60 1654 87 1693; x_wconf 90' lang='grc' dir='ltr'><strong>Π.</strong></span> <span class='ocrx_word' id='word_1_210' title='bbox 98 1657 117 1694; x_wconf 90' lang='grc'><strong>4.</strong></span> <span class='ocrx_word' id='word_1_211' title='bbox 132 1669 150 1708; x_wconf 89' lang='lat' dir='ltr'><strong>p.</strong></span> <span class='ocrx_word' id='word_1_212' title='bbox 163 1657 189 1694; x_wconf 82' lang='lat'><strong>72</strong></span> <span class='ocrx_word' id='word_1_213' title='bbox 201 1653 268 1707; x_wconf 54' lang='lat' dir='ltr'><strong>sqsdt)</strong></span> <span class='ocrx_word' id='word_1_214' title='bbox 297 1653 323 1692; x_wconf 85' lang='lat' dir='ltr'><strong>In</strong></span> <span class='ocrx_word' id='word_1_215' title='bbox 336 1654 430 1707; x_wconf 73' lang='lat' dir='ltr'><strong>expedito</strong></span> <span class='ocrx_word' id='word_1_216' title='bbox 445 1656 513 1694; x_wconf 87' lang='lat' dir='ltr'><strong>antem</strong></span> <span class='ocrx_word' id='word_1_217' title='bbox 528 1655 568 1694; x_wconf 89' lang='lat' dir='ltr'><strong>iam</strong></span> <span class='ocrx_word' id='word_1_218' title='bbox 586 1656 617 1694; x_wconf 87' lang='lat' dir='ltr'><strong>est</strong></span> <span class='ocrx_word' id='word_1_219' title='bbox 632 1655 677 1694; x_wconf 80' lang='lat' dir='ltr'><strong>reri</strong></span> <span class='ocrx_word' id='word_1_220' title='bbox 692 1655 808 1695; x_wconf 84' lang='lat' dir='ltr'><strong>coniectura</strong></span> 
     </span>
     <span class='ocr_line' id='line_1_24' title="bbox 60 1723 807 1777; baseline 0.001 -14"><span class='ocrx_word' id='word_1_221' title='bbox 60 1724 195 1764; x_wconf 75' lang='lat' dir='ltr'><strong>consideranti</strong></span> <span class='ocrx_word' id='word_1_222' title='bbox 207 1724 259 1763; x_wconf 88' lang='lat' dir='ltr'><strong>hano</strong></span> <span class='ocrx_word' id='word_1_223' title='bbox 273 1724 369 1763; x_wconf 87' lang='lat' dir='ltr'><strong>librorum</strong></span> <span class='ocrx_word' id='word_1_224' title='bbox 383 1723 547 1777; x_wconf 78' lang='lat' dir='ltr'><strong>discrepantiam:</strong></span> <span class='ocrx_word' id='word_1_225' title='bbox 569 1724 632 1764; x_wconf 83' lang='lat' dir='ltr'><strong>Naica</strong></span> <span class='ocrx_word' id='word_1_226' title='bbox 646 1725 717 1765; x_wconf 86' lang='lat' dir='ltr'><strong>dona.</strong></span> <span class='ocrx_word' id='word_1_227' title='bbox 743 1724 807 1765; x_wconf 82' lang='lat' dir='ltr'><strong>Naica</strong></span> 
     </span>
    </p>
   </div>
   <div class='ocr_carea' id='block_1_4' title="bbox 57 1821 231 1828">
    <p class='ocr_par' dir='ltr' id='par_1_4' title="bbox 57 1821 231 1828">
     <span class='ocr_line' id='line_1_25' title="bbox 57 1821 231 1828; baseline 0 -3"><span class='ocrx_word' id='word_1_228' title='bbox 57 1821 231 1828; x_wconf 52' lang='lat' dir='ltr'><strong>-M</strong></span> 
     </span>
    </p>
   </div>
   <div class='ocr_carea' id='block_1_5' title="bbox 60 1875 806 2095">
    <p class='ocr_par' dir='ltr' id='par_1_5' title="bbox 60 1875 806 2095">
     <span class='ocr_line' id='line_1_26' title="bbox 60 1875 806 1919; baseline 0.004 -12"><span class='ocrx_word' id='word_1_229' title='bbox 60 1876 149 1908; x_wconf 82' lang='lat' dir='ltr'><strong>Panisci</strong></span> <span class='ocrx_word' id='word_1_230' title='bbox 171 1876 256 1917; x_wconf 80' lang='lat' dir='ltr'><strong>corrigere</strong></span> <span class='ocrx_word' id='word_1_231' title='bbox 276 1876 321 1918; x_wconf 77' lang='lat' dir='ltr'><strong>fugit</strong></span> <span class='ocrx_word' id='word_1_232' title='bbox 340 1875 438 1909; x_wconf 85' lang='lat' dir='ltr'><strong>Usenerum.</strong></span> <span class='ocrx_word' id='word_1_233' title='bbox 467 1875 505 1908; x_wconf 86' lang='grc'><strong>800.</strong></span> <span class='ocrx_word' id='word_1_234' title='bbox 522 1875 596 1919; x_wconf 86' lang='lat' dir='ltr'><strong>Hippol.</strong></span> <span class='ocrx_word' id='word_1_235' title='bbox 614 1880 656 1910; x_wconf 74' lang='lat'><strong>783:</strong></span> <span class='ocrx_word' id='word_1_236' title='bbox 677 1876 748 1919; x_wconf 80' lang='lat' dir='ltr'><strong>„Panas</strong></span> <span class='ocrx_word' id='word_1_237' title='bbox 764 1888 806 1919; x_wconf 85' lang='lat' dir='ltr'><strong>quae</strong></span> 
     </span>
     <span class='ocr_line' id='line_1_27' title="bbox 60 1932 806 1976; baseline 0.004 -11"><span class='ocrx_word' id='word_1_238' title='bbox 60 1933 135 1976; x_wconf 84' lang='lat' dir='ltr'><strong>Dryades</strong></span> <span class='ocrx_word' id='word_1_239' title='bbox 157 1934 264 1975; x_wconf 82' lang='lat' dir='ltr'><strong>montivagos</strong></span> <span class='ocrx_word' id='word_1_240' title='bbox 282 1933 362 1976; x_wconf 59' lang='lat' dir='ltr'><strong>perunit</strong></span> <span class='ocrx_word' id='word_1_241' title='bbox 387 1932 452 1965; x_wconf 79' lang='lat' dir='ltr'><strong>Gallim.</strong></span> <span class='ocrx_word' id='word_1_242' title='bbox 468 1933 530 1975; x_wconf 82' lang='lat' dir='ltr'><strong>fragm.</strong></span> <span class='ocrx_word' id='word_1_243' title='bbox 544 1937 583 1966; x_wconf 79' lang='lat'><strong>363.</strong></span> <span class='ocrx_word' id='word_1_244' title='bbox 597 1945 614 1976; x_wconf 86' lang='lat' dir='ltr'><strong>p.</strong></span> <span class='ocrx_word' id='word_1_245' title='bbox 627 1937 666 1967; x_wconf 75' lang='lat'><strong>234.</strong></span> <span class='ocrx_word' id='word_1_246' title='bbox 690 1933 742 1967; x_wconf 74' lang='lat' dir='ltr'><strong>clem.</strong></span> <span class='ocrx_word' id='word_1_247' title='bbox 759 1935 806 1968; x_wconf 70' lang='lat' dir='ltr'><strong>Atei.</strong></span> 
     </span>
     <span class='ocr_line' id='line_1_28' title="bbox 60 1988 805 2037; baseline 0.005 -16"><span class='ocrx_word' id='word_1_248' title='bbox 60 1990 108 2022; x_wconf 74' lang='lat' dir='ltr'><strong>adm.</strong></span> <span class='ocrx_word' id='word_1_249' title='bbox 120 2002 137 2032; x_wconf 85' lang='lat' dir='ltr'><strong>p.</strong></span> <span class='ocrx_word' id='word_1_250' title='bbox 146 1992 207 2023; x_wconf 81' lang='lat' dir='ltr'><strong>39.B.:</strong></span> <span class='ocrx_word' id='word_1_251' title='bbox 221 1988 316 2037; x_wconf 77' lang='grc' dir='ltr'><strong>Σατύρους</strong></span> <span class='ocrx_word' id='word_1_252' title='bbox 328 1992 359 2024; x_wconf 77' lang='grc' dir='ltr'><strong>καὶ</strong></span> <span class='ocrx_word' id='word_1_253' title='bbox 372 1993 441 2027; x_wconf 73' lang='grc' dir='ltr'><strong>Πᾶνας.</strong></span> <span class='ocrx_word' id='word_1_254' title='bbox 459 1990 520 2023; x_wconf 83' lang='lat' dir='ltr'><strong>Iulian.</strong></span> <span class='ocrx_word' id='word_1_255' title='bbox 531 1992 559 2025; x_wconf 85' lang='lat' dir='ltr'><strong>Or.</strong></span> <span class='ocrx_word' id='word_1_256' title='bbox 568 1991 607 2024; x_wconf 82' lang='lat' dir='ltr'><strong>VH.</strong></span> <span class='ocrx_word' id='word_1_257' title='bbox 620 2003 637 2034; x_wconf 86' lang='lat' dir='ltr'><strong>p.</strong></span> <span class='ocrx_word' id='word_1_258' title='bbox 646 1994 717 2025; x_wconf 86' lang='grc' dir='ltr'><strong>22Ο.Β.;</strong></span> <span class='ocrx_word' id='word_1_259' title='bbox 731 1994 805 2025; x_wconf 65' lang='grc' dir='ltr'><strong>εἵποντο</strong></span> 
     </span>
     <span class='ocr_line' id='line_1_29' title="bbox 61 2044 806 2095; baseline 0.001 -15"><span class='ocrx_word' id='word_1_260' title='bbox 61 2049 107 2091; x_wconf 67' lang='grc' dir='ltr'><strong>γοῦν</strong></span> <span class='ocrx_word' id='word_1_261' title='bbox 121 2044 170 2090; x_wconf 73' lang='grc' dir='ltr'><strong>αὐτῷ</strong></span> <span class='ocrx_word' id='word_1_262' title='bbox 177 2066 200 2071; x_wconf 85' lang='lat'><em>—</em></span> <span class='ocrx_word' id='word_1_263' title='bbox 208 2049 227 2080; x_wconf 87' lang='grc' dir='ltr'><em>Σ</em></span> <span class='ocrx_word' id='word_1_264' title='bbox 232 2045 316 2095; x_wconf 62' lang='lat' dir='ltr'><strong>atropos</strong></span> <span class='ocrx_word' id='word_1_265' title='bbox 325 2049 356 2080; x_wconf 69' lang='grc' dir='ltr'><strong>καὶ</strong></span> <span class='ocrx_word' id='word_1_266' title='bbox 364 2045 439 2091; x_wconf 74' lang='grc' dir='ltr'><em>Βάκχαι</em></span> <span class='ocrx_word' id='word_1_267' title='bbox 449 2049 480 2080; x_wconf 80' lang='grc' dir='ltr'><strong>καὶ</strong></span> <span class='ocrx_word' id='word_1_268' title='bbox 489 2051 509 2081; x_wconf 86' lang='grc' dir='ltr'><em>Π</em></span> <span class='ocrx_word' id='word_1_269' title='bbox 514 2051 573 2085; x_wconf 68' lang='grc' dir='ltr'><strong>[ἶνες.</strong></span> <span class='ocrx_word' id='word_1_270' title='bbox 587 2048 621 2081; x_wconf 81' lang='lat' dir='ltr'><strong>Cic.</strong></span> <span class='ocrx_word' id='word_1_271' title='bbox 629 2049 668 2080; x_wconf 89' lang='lat' dir='ltr'><strong>Nat.</strong></span> <span class='ocrx_word' id='word_1_272' title='bbox 677 2049 728 2081; x_wconf 86' lang='lat' dir='ltr'><strong>Deor.</strong></span> <span class='ocrx_word' id='word_1_273' title='bbox 737 2049 768 2082; x_wconf 86' lang='grc' dir='ltr'><strong>ΙΠ.</strong></span> <span class='ocrx_word' id='word_1_274' title='bbox 779 2053 806 2083; x_wconf 84' lang='grc'><strong>17.</strong></span> 
     </span>
    </p>
   </div>
   <div class='ocr_carea' id='block_1_6' title="bbox 60 2114 807 2550">
    <p class='ocr_par' dir='ltr' id='par_1_6' title="bbox 60 2114 807 2550">
     <span class='ocr_line' id='line_1_30' title="bbox 107 2114 805 2158; baseline 0.004 -11"><span class='ocrx_word' id='word_1_275' title='bbox 107 2114 123 2157; x_wconf 57' lang='grc'><strong>71</strong></span> <span class='ocrx_word' id='word_1_276' title='bbox 137 2115 235 2148; x_wconf 84' lang='lat' dir='ltr'><strong>Doruerrmt</strong></span> <span class='ocrx_word' id='word_1_277' title='bbox 245 2116 278 2148; x_wconf 87' lang='lat' dir='ltr'><strong>hoo</strong></span> <span class='ocrx_word' id='word_1_278' title='bbox 290 2115 380 2148; x_wconf 77' lang='lat' dir='ltr'><strong>Ethardus</strong></span> <span class='ocrx_word' id='word_1_279' title='bbox 398 2116 417 2148; x_wconf 88' lang='lat' dir='ltr'><strong>in</strong></span> <span class='ocrx_word' id='word_1_280' title='bbox 428 2116 497 2149; x_wconf 79' lang='lat' dir='ltr'><strong>Patron.</strong></span> <span class='ocrx_word' id='word_1_281' title='bbox 509 2119 536 2149; x_wconf 78' lang='lat'><strong>83.</strong></span> <span class='ocrx_word' id='word_1_282' title='bbox 549 2128 565 2158; x_wconf 89' lang='lat' dir='ltr'><strong>p.</strong></span> <span class='ocrx_word' id='word_1_283' title='bbox 575 2120 613 2149; x_wconf 82' lang='lat'><strong>352.</strong></span> <span class='ocrx_word' id='word_1_284' title='bbox 635 2118 692 2149; x_wconf 86' lang='lat' dir='ltr'><strong>Burm.</strong></span> <span class='ocrx_word' id='word_1_285' title='bbox 701 2117 719 2149; x_wconf 89' lang='lat' dir='ltr'><strong>in</strong></span> <span class='ocrx_word' id='word_1_286' title='bbox 728 2118 758 2149; x_wconf 89' lang='lat' dir='ltr'><strong>Ov.</strong></span> <span class='ocrx_word' id='word_1_287' title='bbox 768 2119 805 2150; x_wconf 79' lang='lat' dir='ltr'><strong>Am.</strong></span> 
     </span>
     <span class='ocr_line' id='line_1_31' title="bbox 60 2173 806 2216; baseline 0.003 -10"><span class='ocrx_word' id='word_1_288' title='bbox 60 2173 83 2206; x_wconf 77' lang='grc' dir='ltr'><strong>Π,</strong></span> <span class='ocrx_word' id='word_1_289' title='bbox 93 2177 108 2213; x_wconf 79' lang='grc'><strong>8,</strong></span> <span class='ocrx_word' id='word_1_290' title='bbox 118 2177 133 2205; x_wconf 80' lang='grc'><strong>9.</strong></span> <span class='ocrx_word' id='word_1_291' title='bbox 146 2183 162 2215; x_wconf 88' lang='lat' dir='ltr'><strong>p.</strong></span> <span class='ocrx_word' id='word_1_292' title='bbox 172 2176 210 2206; x_wconf 90' lang='lat'><strong>424.</strong></span> <span class='ocrx_word' id='word_1_293' title='bbox 223 2174 281 2205; x_wconf 84' lang='lat' dir='ltr'><strong>Arntz.</strong></span> <span class='ocrx_word' id='word_1_294' title='bbox 288 2173 307 2205; x_wconf 88' lang='lat' dir='ltr'><strong>in</strong></span> <span class='ocrx_word' id='word_1_295' title='bbox 314 2175 355 2205; x_wconf 79' lang='lat' dir='ltr'><strong>Aur.</strong></span> <span class='ocrx_word' id='word_1_296' title='bbox 365 2173 411 2208; x_wconf 81' lang='lat' dir='ltr'><strong>Vict.</strong></span> <span class='ocrx_word' id='word_1_297' title='bbox 420 2173 465 2206; x_wconf 79' lang='grc'><strong>0005.</strong></span> <span class='ocrx_word' id='word_1_298' title='bbox 474 2174 495 2207; x_wconf 88' lang='grc'><strong>7.</strong></span> <span class='ocrx_word' id='word_1_299' title='bbox 505 2177 531 2206; x_wconf 87' lang='grc'><strong>10.</strong></span> <span class='ocrx_word' id='word_1_300' title='bbox 543 2185 559 2216; x_wconf 89' lang='lat' dir='ltr'><strong>p.</strong></span> <span class='ocrx_word' id='word_1_301' title='bbox 569 2177 606 2207; x_wconf 80' lang='grc'><strong>327.</strong></span> <span class='ocrx_word' id='word_1_302' title='bbox 618 2173 666 2207; x_wconf 80' lang='lat' dir='ltr'><strong>Idem</strong></span> <span class='ocrx_word' id='word_1_303' title='bbox 675 2177 731 2207; x_wconf 87' lang='lat' dir='ltr'><strong>autem</strong></span> <span class='ocrx_word' id='word_1_304' title='bbox 736 2175 806 2208; x_wconf 76' lang='lat' dir='ltr'><strong>verbum</strong></span> 
     </span>
     <span class='ocr_line' id='line_1_32' title="bbox 61 2230 807 2275; baseline 0.004 -12"><span class='ocrx_word' id='word_1_305' title='bbox 61 2231 175 2264; x_wconf 86' lang='lat' dir='ltr'><strong>oblitteratum</strong></span> <span class='ocrx_word' id='word_1_306' title='bbox 184 2231 269 2264; x_wconf 83' lang='lat' dir='ltr'><strong>invenitur</strong></span> <span class='ocrx_word' id='word_1_307' title='bbox 275 2231 320 2274; x_wconf 83' lang='lat' dir='ltr'><strong>apud</strong></span> <span class='ocrx_word' id='word_1_308' title='bbox 328 2230 414 2264; x_wconf 79' lang='lat' dir='ltr'><strong>Claudiam</strong></span> <span class='ocrx_word' id='word_1_309' title='bbox 427 2233 456 2264; x_wconf 88' lang='lat' dir='ltr'><strong>Pr.</strong></span> <span class='ocrx_word' id='word_1_310' title='bbox 465 2231 515 2264; x_wconf 80' lang='lat' dir='ltr'><strong>Oons.</strong></span> <span class='ocrx_word' id='word_1_311' title='bbox 524 2232 562 2264; x_wconf 78' lang='lat' dir='ltr'><strong>Stil.</strong></span> <span class='ocrx_word' id='word_1_312' title='bbox 574 2231 597 2265; x_wconf 88' lang='grc' dir='ltr'><strong>Π.</strong></span> <span class='ocrx_word' id='word_1_313' title='bbox 611 2236 642 2266; x_wconf 74' lang='lat' dir='ltr'><strong>ot:</strong></span> <span class='ocrx_word' id='word_1_314' title='bbox 654 2234 735 2275; x_wconf 83' lang='lat' dir='ltr'><strong>„hostem</strong></span> <span class='ocrx_word' id='word_1_315' title='bbox 743 2234 807 2266; x_wconf 82' lang='lat' dir='ltr'><strong>muniri</strong></span> 
     </span>
     <span class='ocr_line' id='line_1_33' title="bbox 60 2288 806 2330; baseline 0.004 -10"><span class='ocrx_word' id='word_1_316' title='bbox 60 2288 120 2320; x_wconf 82' lang='lat' dir='ltr'><strong>robore</strong></span> <span class='ocrx_word' id='word_1_317' title='bbox 133 2289 196 2329; x_wconf 71' lang='grc' dir='ltr'><strong>10ογ15,</strong></span> <span class='ocrx_word' id='word_1_318' title='bbox 205 2288 259 2325; x_wconf 72' lang='lat' dir='ltr'><strong>Quam</strong></span> <span class='ocrx_word' id='word_1_319' title='bbox 272 2299 365 2330; x_wconf 84' lang='lat' dir='ltr'><strong>peccare</strong></span> <span class='ocrx_word' id='word_1_320' title='bbox 378 2288 443 2321; x_wconf 81' lang='lat' dir='ltr'><strong>iidem“</strong></span> <span class='ocrx_word' id='word_1_321' title='bbox 455 2290 474 2321; x_wconf 89' lang='lat' dir='ltr'><strong>in</strong></span> <span class='ocrx_word' id='word_1_322' title='bbox 483 2289 529 2321; x_wconf 85' lang='lat' dir='ltr'><strong>codd.</strong></span> <span class='ocrx_word' id='word_1_323' title='bbox 537 2289 598 2322; x_wconf 81' lang='lat' dir='ltr'><strong>Medic.</strong></span> <span class='ocrx_word' id='word_1_324' title='bbox 606 2291 644 2322; x_wconf 84' lang='lat' dir='ltr'><strong>tert.</strong></span> <span class='ocrx_word' id='word_1_325' title='bbox 655 2290 704 2323; x_wconf 77' lang='lat' dir='ltr'><strong>Voss.</strong></span> <span class='ocrx_word' id='word_1_326' title='bbox 715 2290 764 2324; x_wconf 80' lang='lat' dir='ltr'><strong>Leid.</strong></span> <span class='ocrx_word' id='word_1_327' title='bbox 774 2302 806 2324; x_wconf 82' lang='lat' dir='ltr'><strong>seo.</strong></span> 
     </span>
     <span class='ocr_line' id='line_1_34' title="bbox 60 2345 806 2391; baseline 0.004 -14"><span class='ocrx_word' id='word_1_328' title='bbox 60 2345 102 2377; x_wconf 82' lang='lat' dir='ltr'><strong>Exc.</strong></span> <span class='ocrx_word' id='word_1_329' title='bbox 114 2346 189 2378; x_wconf 64' lang='lat' dir='ltr'><strong>Geraia:</strong></span> <span class='ocrx_word' id='word_1_330' title='bbox 206 2356 274 2388; x_wconf 81' lang='lat' dir='ltr'><strong>„quam</strong></span> <span class='ocrx_word' id='word_1_331' title='bbox 286 2356 293 2378; x_wconf 88' lang='lat' dir='ltr'><strong>s</strong></span> <span class='ocrx_word' id='word_1_332' title='bbox 298 2349 389 2388; x_wconf 85' lang='lat' dir='ltr'><strong>pectare</strong></span> <span class='ocrx_word' id='word_1_333' title='bbox 401 2345 466 2378; x_wconf 84' lang='lat' dir='ltr'><strong>fidem“</strong></span> <span class='ocrx_word' id='word_1_334' title='bbox 478 2346 498 2378; x_wconf 79' lang='lat' dir='ltr'><strong>ol.</strong></span> <span class='ocrx_word' id='word_1_335' title='bbox 512 2346 541 2379; x_wconf 90' lang='lat' dir='ltr'><strong>Ov.</strong></span> <span class='ocrx_word' id='word_1_336' title='bbox 555 2347 592 2378; x_wconf 75' lang='lat' dir='ltr'><strong>hm.</strong></span> <span class='ocrx_word' id='word_1_337' title='bbox 600 2346 632 2379; x_wconf 87' lang='grc' dir='ltr'><strong>ΙΠ.</strong></span> <span class='ocrx_word' id='word_1_338' title='bbox 642 2350 662 2388; x_wconf 87' lang='grc'><strong>2,</strong></span> <span class='ocrx_word' id='word_1_339' title='bbox 671 2350 702 2380; x_wconf 85' lang='grc'><strong>28;</strong></span> <span class='ocrx_word' id='word_1_340' title='bbox 717 2347 806 2391; x_wconf 78' lang='lat' dir='ltr'><strong>„Quoque</strong></span> 
     </span>
     <span class='ocr_line' id='line_1_35' title="bbox 60 2402 806 2448; baseline 0.005 -14"><span class='ocrx_word' id='word_1_341' title='bbox 60 2402 114 2444; x_wconf 83' lang='lat' dir='ltr'><strong>magis</strong></span> <span class='ocrx_word' id='word_1_342' title='bbox 127 2404 218 2444; x_wconf 82' lang='lat' dir='ltr'><strong>spectes,</strong></span> <span class='ocrx_word' id='word_1_343' title='bbox 231 2405 265 2436; x_wconf 85' lang='lat' dir='ltr'><strong>tres</strong></span> <span class='ocrx_word' id='word_1_344' title='bbox 276 2403 337 2436; x_wconf 85' lang='lat' dir='ltr'><strong>Heius.</strong></span> <span class='ocrx_word' id='word_1_345' title='bbox 350 2403 397 2436; x_wconf 87' lang='lat' dir='ltr'><strong>codd.</strong></span> <span class='ocrx_word' id='word_1_346' title='bbox 411 2414 428 2446; x_wconf 86' lang='grc'><strong>0.</strong></span> <span class='ocrx_word' id='word_1_347' title='bbox 437 2407 471 2437; x_wconf 82' lang='grc'><strong>474</strong></span> <span class='ocrx_word' id='word_1_348' title='bbox 484 2414 560 2445; x_wconf 83' lang='grc'><strong>000005</strong></span> <span class='ocrx_word' id='word_1_349' title='bbox 570 2407 587 2436; x_wconf 88' lang='grc'><strong>04</strong></span> <span class='ocrx_word' id='word_1_350' title='bbox 597 2404 638 2437; x_wconf 78' lang='lat' dir='ltr'><strong>aret.</strong></span> <span class='ocrx_word' id='word_1_351' title='bbox 646 2404 676 2437; x_wconf 83' lang='grc'><strong>17.</strong></span> <span class='ocrx_word' id='word_1_352' title='bbox 689 2408 731 2437; x_wconf 73' lang='lat'><strong>453:</strong></span> <span class='ocrx_word' id='word_1_353' title='bbox 747 2405 806 2448; x_wconf 85' lang='lat' dir='ltr'><strong>Deque</strong></span> 
     </span>
     <span class='ocr_line' id='line_1_36' title="bbox 61 2459 806 2506; baseline 0.005 -15"><span class='ocrx_word' id='word_1_354' title='bbox 61 2459 95 2492; x_wconf 88' lang='lat' dir='ltr'><strong>suis</strong></span> <span class='ocrx_word' id='word_1_355' title='bbox 114 2462 160 2492; x_wconf 88' lang='lat' dir='ltr'><strong>atros</strong></span> <span class='ocrx_word' id='word_1_356' title='bbox 173 2460 296 2502; x_wconf 84' lang='lat' dir='ltr'><strong>pectebant</strong></span> <span class='ocrx_word' id='word_1_357' title='bbox 313 2460 388 2493; x_wconf 84' lang='lat' dir='ltr'><strong>crinibus</strong></span> <span class='ocrx_word' id='word_1_358' title='bbox 403 2470 472 2502; x_wconf 83' lang='lat' dir='ltr'><strong>angues.</strong></span> <span class='ocrx_word' id='word_1_359' title='bbox 500 2461 564 2494; x_wconf 75' lang='lat' dir='ltr'><strong>[thuan.</strong></span> <span class='ocrx_word' id='word_1_360' title='bbox 577 2462 660 2504; x_wconf 79' lang='lat' dir='ltr'><strong>Bernegg.</strong></span> <span class='ocrx_word' id='word_1_361' title='bbox 676 2461 737 2494; x_wconf 82' lang='lat' dir='ltr'><strong>Medic.</strong></span> <span class='ocrx_word' id='word_1_362' title='bbox 754 2474 806 2506; x_wconf 85' lang='lat' dir='ltr'><strong>spe-</strong></span> 
     </span>
     <span class='ocr_line' id='line_1_37' title="bbox 61 2517 158 2550; baseline 0.01 -1"><span class='ocrx_word' id='word_1_363' title='bbox 61 2517 158 2550; x_wconf 86' lang='lat' dir='ltr'><strong>ctabant.</strong></span> 
     </span>
    </p>
   </div>
   <div class='ocr_carea' id='block_1_7' title="bbox 60 2584 806 2803">
    <p class='ocr_par' dir='ltr' id='par_1_7' title="bbox 60 2584 806 2803">
     <span class='ocr_line' id='line_1_38' title="bbox 106 2584 806 2630; baseline 0.007 -13"><span class='ocrx_word' id='word_1_364' title='bbox 106 2584 135 2628; x_wconf 53' lang='lat' dir='ltr'><strong>ii)</strong></span> <span class='ocrx_word' id='word_1_365' title='bbox 152 2585 200 2618; x_wconf 83' lang='lat' dir='ltr'><strong>Adde</strong></span> <span class='ocrx_word' id='word_1_366' title='bbox 217 2585 264 2618; x_wconf 84' lang='lat' dir='ltr'><strong>tela</strong></span> <span class='ocrx_word' id='word_1_367' title='bbox 286 2586 390 2630; x_wconf 81' lang='lat' dir='ltr'><strong>Typhoea</strong></span> <span class='ocrx_word' id='word_1_368' title='bbox 401 2585 464 2627; x_wconf 80' lang='lat' dir='ltr'><strong>Virgil.</strong></span> <span class='ocrx_word' id='word_1_369' title='bbox 481 2586 523 2619; x_wconf 80' lang='lat' dir='ltr'><strong>Aen.</strong></span> <span class='ocrx_word' id='word_1_370' title='bbox 535 2586 548 2618; x_wconf 88' lang='lat' dir='ltr'><strong>l.</strong></span> <span class='ocrx_word' id='word_1_371' title='bbox 562 2589 594 2619; x_wconf 77' lang='grc'><strong>065</strong></span> <span class='ocrx_word' id='word_1_372' title='bbox 612 2589 629 2619; x_wconf 89' lang='grc'><strong>04</strong></span> <span class='ocrx_word' id='word_1_373' title='bbox 641 2586 746 2630; x_wconf 73' lang='lat' dir='ltr'><strong>Capanea</strong></span> <span class='ocrx_word' id='word_1_374' title='bbox 758 2590 806 2622; x_wconf 85' lang='lat' dir='ltr'><strong>tela</strong></span> 
     </span>
     <span class='ocr_line' id='line_1_39' title="bbox 61 2642 804 2684; baseline 0.004 -8"><span class='ocrx_word' id='word_1_375' title='bbox 61 2645 103 2677; x_wconf 89' lang='grc'><strong>8404.</strong></span> <span class='ocrx_word' id='word_1_376' title='bbox 116 2643 147 2676; x_wconf 82' lang='lat' dir='ltr'><strong>Th.</strong></span> <span class='ocrx_word' id='word_1_377' title='bbox 156 2644 178 2676; x_wconf 85' lang='lat' dir='ltr'><strong>X.</strong></span> <span class='ocrx_word' id='word_1_378' title='bbox 188 2646 227 2676; x_wconf 81' lang='lat'><strong>811.</strong></span> <span class='ocrx_word' id='word_1_379' title='bbox 243 2642 368 2675; x_wconf 81' lang='lat' dir='ltr'><strong>Herculeos</strong></span> <span class='ocrx_word' id='word_1_380' title='bbox 382 2646 505 2684; x_wconf 86' lang='lat' dir='ltr'><strong>serpentes.</strong></span> <span class='ocrx_word' id='word_1_381' title='bbox 514 2644 545 2677; x_wconf 82' lang='lat' dir='ltr'><strong>IX.</strong></span> <span class='ocrx_word' id='word_1_382' title='bbox 555 2647 593 2675; x_wconf 80' lang='lat'><strong>341.</strong></span> <span class='ocrx_word' id='word_1_383' title='bbox 613 2643 739 2679; x_wconf 85' lang='lat' dir='ltr'><strong>Herculeas</strong></span> <span class='ocrx_word' id='word_1_384' title='bbox 752 2658 804 2679; x_wconf 81' lang='lat' dir='ltr'><strong>aves</strong></span> 
     </span>
     <span class='ocr_line' id='line_1_40' title="bbox 61 2700 804 2744; baseline 0.005 -11"><span class='ocrx_word' id='word_1_385' title='bbox 61 2701 147 2735; x_wconf 79' lang='lat' dir='ltr'><strong>Claudiam</strong></span> <span class='ocrx_word' id='word_1_386' title='bbox 169 2700 218 2744; x_wconf 82' lang='lat' dir='ltr'><strong>ldyll.</strong></span> <span class='ocrx_word' id='word_1_387' title='bbox 236 2700 259 2735; x_wconf 88' lang='lat' dir='ltr'><strong>H.</strong></span> <span class='ocrx_word' id='word_1_388' title='bbox 278 2704 293 2734; x_wconf 85' lang='lat'><strong>5.</strong></span> <span class='ocrx_word' id='word_1_389' title='bbox 326 2700 451 2732; x_wconf 85' lang='lat' dir='ltr'><strong>Pentheum</strong></span> <span class='ocrx_word' id='word_1_390' title='bbox 472 2701 541 2733; x_wconf 86' lang='lat' dir='ltr'><strong>ritum</strong></span> <span class='ocrx_word' id='word_1_391' title='bbox 558 2700 595 2735; x_wconf 76' lang='grc'><strong>8411.</strong></span> <span class='ocrx_word' id='word_1_392' title='bbox 612 2701 635 2735; x_wconf 89' lang='grc' dir='ltr'><strong>Π.</strong></span> <span class='ocrx_word' id='word_1_393' title='bbox 649 2706 687 2737; x_wconf 81' lang='lat'><strong>213.</strong></span> <span class='ocrx_word' id='word_1_394' title='bbox 711 2704 804 2740; x_wconf 82' lang='lat' dir='ltr'><strong>iliacam</strong></span> 
     </span>
     <span class='ocr_line' id='line_1_41' title="bbox 60 2757 485 2803; baseline 0 -12"><span class='ocrx_word' id='word_1_395' title='bbox 60 2770 160 2793; x_wconf 82' lang='lat' dir='ltr'><strong>sororem</strong></span> <span class='ocrx_word' id='word_1_396' title='bbox 173 2757 263 2803; x_wconf 79' lang='lat' dir='ltr'><strong>(Castoris)</strong></span> <span class='ocrx_word' id='word_1_397' title='bbox 276 2758 318 2792; x_wconf 83' lang='grc'><strong>8404.</strong></span> <span class='ocrx_word' id='word_1_398' title='bbox 331 2758 372 2791; x_wconf 71' lang='lat' dir='ltr'><strong>silv.</strong></span> <span class='ocrx_word' id='word_1_399' title='bbox 380 2757 413 2790; x_wconf 85' lang='grc' dir='ltr'><strong>ΙΙΙ.</strong></span> <span class='ocrx_word' id='word_1_400' title='bbox 425 2761 445 2799; x_wconf 88' lang='grc'><strong>2,</strong></span> <span class='ocrx_word' id='word_1_401' title='bbox 459 2762 485 2792; x_wconf 83' lang='lat'><strong>11.</strong></span> 
     </span>
    </p>
   </div>
   <div class='ocr_carea' id='block_1_8' title="bbox 0 0 895 2936">
    <p class='ocr_par' dir='ltr' id='par_1_8' title="bbox 0 0 895 2936">
     <span class='ocr_line' id='line_1_42' title="bbox 0 0 895 2936; baseline 0 0"><span class='ocrx_word' id='word_1_402' title='bbox 0 0 895 2936; x_wconf 95' lang='lat' dir='ltr'><strong> </strong></span> 
     </span>
    </p>
   </div>
  </div>
 </body>
</html>
