1780 2885
123 90 163 127 166
432 102 488 144 capnt
497 102 545 136 VIII.

121 202 271 256 praedicarunt:
291 206 350 246 testis
365 207 397 246 est
410 205 520 248 Pausanias
530 207 557 249 H.
569 211 607 259 31,
618 211 655 250 13:
671 205 708 252 τὸν
723 206 747 251 dd
753 205 859 264 Ἡρακλέα

121 267 216 325 λέγουσιν
232 267 347 329 ἀνευρόντα
367 272 403 316 τὸν
421 272 478 331 πρὸς
493 279 518 332 τῇ
532 272 638 332 Σαρωνίδι
653 271 797 320 adviverint
810 274 859 319 τού-

121 353 159 380 τοο
178 341 248 395 τεμεῖν
267 337 404 398 ῥόπαλονθῦ)
433 344 504 398 Longe
525 347 579 387 aliud
593 346 661 399 affert,
681 361 741 401 quem
755 348 859 402 praeteriit

122 407 197 461 Cerdo,
217 411 346 465 Theocritus,
365 415 418 467 apud
434 428 493 467 quem
507 414 606 457 Hercules
617 416 687 457 XXV.
699 413 750 457 2⁵09:
771 411 859 472 ἑτέρηφι

121 475 145 519 δὲ
163 476 256 535 βάκτρον
274 506 302 511 -
320 480 345 523 τὸ
364 480 403 536 μὲν
422 481 487 532 αὐτὸς
505 480 549 526 tat
565 482 637 541 ζοθέῳ
648 481 772 527 Ἑλικῶνι
785 481 859 541 Εὑριῠν

122 545 160 588 σὺν
181 551 293 606 ποκιννῇοιν
314 547 423 607 ὁλοσχερὲς
440 547 528 593 {bacca
547 550 609 610 ῥέξῃς,
640 554 700 601 Quod
714 555 794 607 quidem
807 554 860 594 facili

124 618 238 658 coniectura
247 620 367 673 intelligitur
377 624 420 661 tum
430 623 505 662 iactum
516 636 567 673 esse,
577 637 638 676 quum
648 625 765 665 adolescens
776 636 860 676 aggres-

122 701 181 727 surus
202 690 257 727 esset
278 689 404 730 Heliconium
428 691 546 741 leonem.⁶⁹)
581 692 673 733 Eandem
697 696 763 735 autem
787 693 861 732 famam

168 859 196 902 68)
210 859 264 895 Quam
274 860 330 902 ipsam
342 860 378 892 rem
388 862 460 900 maxime
468 872 488 894 eo
496 861 569 895 valuisse
578 862 660 905 arbitror,
672 865 691 894 ut
703 863 790 905 stipitibus
800 864 861 897 armati

122 915 208 959 Tirynthii
223 917 242 948 in
259 917 304 949 bella
317 918 428 959 procederent
441 919 482 955 Stet.
494 919 546 952 Theb.
555 919 586 952 IV.
597 923 630 952 154
642 919 699 962 (quem
710 920 771 953 locum¹
779 914 831 962 supra
842 921 861 952 In

121 974 154 1004 hoe
169 974 223 1015 capite
241 979 249 1006 1
268 976 412 1018 perstrinximus).
433 977 510 1019 „flavent
527 978 581 1019 capiti
595 981 677 1019 tergoque
694 978 761 1010 leonum
776 978 859 1017 Exuvias,

121 1030 190 1072 gentiiis
203 1032 267 1073 honos,
281 1034 298 1064 et
310 1033 369 1074 piueus
383 1037 436 1066 armat
448 1034 547 1076 Stipes“,
564 1035 594 1066 uhi
606 1034 705 1067 Lactantius
719 1046 735 1077 p.
744 1038 785 1067 iae:
802 1035 859 1077 „bene

121 1089 175 1127 totum
193 1088 214 1121 ad
229 1089 356 1123 similitudinem
367 1090 457 1124 Herculis:
473 1091 613 1134 quemadmodum
624 1091 653 1124 ille
667 1092 721 1138 clava,
735 1091 760 1124 sic
771 1091 816 1124 iste
829 1092 859 1124 sti·

121 1144 172 1187 pite“
186 1145 240 1188 (isti
252 1147 300 1179 codd.
313 1149 343 1179 AB
355 1150 390 1180 rect
401 1149 413 1191 ).
438 1149 475 1182 Vct.
487 1149 543 1182 Sobel.
555 1150 614 1182 Barth.
625 1160 642 1192 p.
651 1153 694 1183 950:
707 1175 717 1192 „
723 1149 790 1182 Iudicat
801 1149 861 1182 habitu

122 1205 139 1233 et
155 1203 206 1235 armis
223 1214 241 1235 se
256 1204 380 1237 demonstrasse
394 1206 467 1238 cultores
479 1206 579 1246 Herculis“,
593 1209 610 1238 et
622 1206 654 1239 XI.
667 1211 698 1239 45:
716 1206 814 1238 Procumbit
823 1198 860 1247 late

123 1259 245 1303 Tirynthia
256 1262 320 1293 alumni
331 1263 407 1294 Exuvias
419 1264 485 1295 imitata
498 1264 531 1296 dei.
554 1264 600 1295 Trux
607 1266 672 1295 moeret
680 1263 700 1295 ab
709 1264 759 1295 astris
770 1263 859 1305 Amphi-

122 1318 255 1359 tryoniades
265 1319 350 1352 Nemeaea
362 1320 381 1351 in
393 1321 475 1362 sanguine
488 1323 537 1362 terga
544 1321 568 1352 Et
581 1320 667 1353 similes
680 1331 752 1353 ramos
765 1321 860 1363 similesque

121 1374 178 1406 videre
190 1375 294 1416 plaretras‘¹,
306 1377 366 1419 quibus
377 1377 455 1409 adiiciam
468 1377 519 1410 uerba
531 1378 652 1410 Lactantii
668 1389 684 1420 p.
694 1381 735 1411 376:
753 1379 798 1420 „qui
810 1377 859 1421 stipi-

122 1431 167 1463 tibus
185 1434 201 1464 et
218 1433 285 1475 sagittis
302 1433 413 1475 dimicabant,
428 1444 462 1466 non
478 1434 551 1477 gladiis,
566 1437 586 1467 ut
597 1435 616 1467 in
628 1434 706 1477 catalogo
712 1436 723 1452 “
733 1435 768 1467 iam
778 1435 799 1467 ad
810 1435 860 1467 fidem

122 1489 199 1521 codicum
215 1492 244 1521 AB
261 1492 285 1523 sie
304 1492 411 1533 corrigenda:
433 1491 488 1533 „sed
505 1492 630 1534 stipitibus
647 1491 759 1531 dimicabant,
776 1502 811 1524 non
824 1492 860 1533 gla-

122 1546 154 1579 diis
167 1547 216 1580 -.“

169 1616 198 1658 69)
212 1616 265 1652 Quem
282 1617 351 1649 eundem
367 1628 417 1660 quum
429 1621 534 1660 compertum
545 1618 578 1660 sit,
590 1621 609 1650 ut
621 1618 723 1650 obtinuimus
735 1618 788 1651 Theb.
799 1617 860 1650 Parad.

122 1684 140 1716 p.
149 1677 189 1716 401,
201 1674 259 1707 vocari
271 1674 385 1718 Teumesium,
398 1675 504 1718 Thebanum,
518 1675 650 1717 Githaemnium,
663 1676 785 1718 Thespiacum,
797 1676 860 1709 [thara-

122 1732 191 1765 draeum
204 1733 231 1774 (de
243 1744 275 1776 quo
288 1733 355 1766 nomine
369 1733 420 1777 plura
429 1734 474 1767 inira
489 1734 577 1778 dicemus),
589 1734 655 1777 accidit,
667 1737 686 1767 nt
700 1734 795 1767 Scholiasta
805 1734 860 1767 Theo·

122 1790 161 1822 criti
169 1790 218 1823 XIII.
227 1795 243 1824 6.
256 1802 273 1832 p.
283 1794 326 1833 354,
337 1794 366 1822 12:
378 1792 476 1838 ἱστορεῖται
488 1788 505 1835 γ’
519 1793 593 1828 λέοντας
609 1790 640 1837 ὑφ’
653 1790 761 1839 Ἡρακλέους
774 1791 859 1836 διαφθα-

122 1848 175 1893 ρῆναι
191 1845 226 1882 τὸν
241 1845 357 1888 Ἑλικώνιον,
374 1845 414 1890 (τὸν
425 1848 526 1891 Λέσβιον)7
543 1845 575 1881 τὸν
590 1851 685 1893 Νεμεαῖον
701 1851 736 1880 tres
754 1848 775 1880 ab
785 1848 860 1881 Hercule

122 1907 209 1947 superatos
221 1905 279 1937 leones
291 1907 391 1937 memoraret
403 1916 423 1937 eo
436 1906 498 1937 erroris
510 1916 580 1947 genere,
593 1905 638 1947 quod
649 1905 752 1937 admiserunt
765 1905 860 1937 Scholiasta

121 1963 187 1995 Monac.
200 1962 263 1994 Lucan.
271 1962 301 1994 IV.
311 1966 349 1995 612.
364 1974 380 2004 p.
388 1962 489 1996 LXXVH.:
503 1966 554 2004 „tres
566 1963 623 1994 leones
635 1962 696 1994 dicitur
703 1962 807 1995 interfecisse
814 1962 859 1994 Her-

121 2020 177 2062 cules,
193 2031 245 2052 unum
261 2021 279 2053 in
294 2020 387 2053 Theumeso
405 2024 470 2061 monte,
487 2020 538 2053 alium
556 2019 575 2051 in
592 2019 665 2061 creone,
681 2019 751 2052 tertium
766 2020 785 2052 in
796 2020 860 2053 Nemea

122 2065 180 2111 silvai
193 2081 210 2110 et
220 2078 323 2111 Harleianus
336 2089 354 2121 p.
363 2078 473 2112 LXXVIII:
491 2077 588 2120 „Hercules
600 2080 634 2110 tres
645 2077 730 2119 interiecit
742 2077 799 2110 leones
812 2077 859 2110 Cleo-

120 2146 181 2168 naeum
189 2136 271 2167 Nemeum
281 2137 297 2167 et
305 2136 440 2175 Teumessium“,
454 2135 513 2178 quibus
526 2136 568 2167 haec
579 2135 636 2167 reddi:
647 2135 669 2166 in
679 2135 802 2176 Helicone,
814 2135 859 2174 He·

121 2193 232 2226 liconium
244 2195 290 2225 vetat
305 2196 321 2225 et
333 2194 388 2226 Zonas
400 2204 419 2225 ac
431 2192 503 2225 Vindob.
517 2192 574 2238 Schol.
586 2203 603 2234 p.
612 2192 719 2225 LXXVIII:
734 2193 803 2235 ‚,N0ta,
816 2192 873 2235 quod·

121 2252 162 2284 dicit
175 2250 276 2291 Cleonei,
291 2250 335 2293 qnod
348 2250 410 2283 Clecne
421 2251 464 2283 silva
476 2253 510 2291 est,
522 2250 552 2282 ubi
564 2250 646 2282 Hercules
658 2250 723 2282 leonem
735 2250 796 2283 devicit
800 2264 805 2292 ;
818 2250 859 2282 duos

121 2320 192 2352 namque
205 2309 263 2341 leones
280 2309 341 2342 dicitur
352 2309 435 2341 Hercules
447 2308 562 2350 interfecisse,
579 2308 660 2340 nnumin
672 2307 741 2350 Cleone,
758 2308 829 2340 alterum
841 2308 860 2340 in

121 2368 185 2400 Nemea
196 2366 253 2399 silva“
267 2369 283 2398 et
295 2366 334 2408 ipsa
346 2365 451 2399 Scholiastae
459 2366 552 2398 Theocritii
560 2366 670 2406 comparatio.
691 2365 745 2402 Quem
752 2366 807 2397 locum
815 2365 860 2398 enim

121 2425 203 2458 Plehnius
218 2425 237 2456 in
248 2424 369 2456 Lesbiacorum
384 2423 429 2456 libro
441 2423 537 2466 praeteriit,
554 2423 634 2455 Staverus
646 2423 692 2467 Hyg.
704 2427 731 2456 30.
743 2434 760 2465 p.
770 2426 800 2464 82,
813 2424 859 2455 Rou-

121 2483 172 2515 lesius
190 2483 208 2514 in
220 2482 293 2514 Ptolem.
307 2481 401 2523 Hephaest.
414 2492 432 2523 p.
442 2486 472 2522 69,
485 2481 578 2514 Ahrensius
590 2481 608 2512 in
621 2481 684 2512 nullam
696 2481 734 2513 m'tii
746 2480 859 2522 suspicionem

121 2540 233 2580 adduxerunt,
248 2550 286 2572 cum
298 2538 365 2572 evidens
378 2541 403 2571 est
415 2539 447 2579 sie,
459 2541 478 2571 ut
490 2539 561 2582 diximus
569 2538 622 2571 Theb.
631 2537 693 2572 Parad.
706 2537 718 2571 l.
727 2538 753 2579 d.,
766 2538 859 2581 antiquitus

122 2598 204 2639 scriptum
227 2597 288 2630 fuisse:
309 2594 343 2630 τὸν
358 2593 476 2637 Ἑλικώνιον,
496 2594 528 2631 τὸν
548 2594 682 2638 securata,
702 2593 860 2641 stultificandam

120 2666 181 2699 parum
196 2654 240 2687 enim
256 2655 317 2697 refert,
337 2657 394 2687 utrum
413 2652 526 2688 Θεοπικὸν
543 2656 618 2686 sumatur
633 2664 654 2685 an
669 2649 794 2688 Θεοπιακόν
807 2652 859 2694 (Bast.

119 2713 182 2746 Gomm.
193 2713 231 2752 Pal.
244 2724 260 2754 p.
271 2717 308 2745 741.
332 2712 390 2746 Schol.
403 2712 473 2744 Aristid.
489 2723 505 2754 p.
516 2715 558 2752 323,
569 2715 596 2744 ’16
612 2707 743 2756 Ὀλυμντιιικός.
759 2710 780 2742 D.
791 2702 859 2756 Ὀλυμὲ

120 2768 188 2814 mande),
204 2770 249 2814 quod
263 2770 328 2813 quidem
340 2780 401 2802 nomen
414 2780 446 2802 usu
453 2769 544 2801 latinorum
557 2768 659 2816 scriptorum
671 2767 763 2810 cognitum,
776 2769 796 2799 ut
808 2766 859 2814 Statii
