1780 2936
373 100 429 142 Caput
440 97 472 132 IX.
753 87 794 126 203

52 204 130 257 ingenti
146 205 227 246 flamma
248 206 352 246 arsisse
372 206 393 245 et
412 204 481 245 oeuli
503 202 583 243 assiduo
597 204 647 243 fletu
662 202 796 242 maduisse

53 273 173 315 dieerentur.
203 274 247 314 Hoe
271 275 334 326 igitur
353 288 424 314 verum
440 273 554 317 habendum
573 274 616 321 est,
635 272 688 323 quod
705 270 794 310 redinte-

53 344 120 396 granti
135 344 192 397 ipsae
206 344 297 383 eodiounr
311 343 419 383 memoriae
433 341 550 391 mathilia,
565 340 669 391 matilia,
684 340 796 389 manlia,

7 448 9 451 Α
52 413 160 456 manlia,
175 413 267 452 mallia
280 426 320 452 non
335 412 394 451 dubie
410 410 561 463 suffragantur:-

112 480 162 522 Oum
176 482 255 521 tantum
268 481 394 532 arderent,
410 482 506 534 quantum
523 478 627 518 Trinacria
638 490 700 531 rupes

141 550 273 602 Lymphaque
288 549 309 588 iu
324 547 416 599 Oetaeis,
430 549 462 588 mi
477 548 534 597 ilia,
550 547 697 600 Thermopylis,

111 618 191 658 Moesta
204 630 270 669 neque
285 618 369 657 adsiduo
382 619 487 657 tabescere
500 616 576 656 lumina
588 617 638 656 fletu

141 685 251 726 Cessarent
265 686 359 738 tristique
373 686 437 726 imbre
452 686 534 725 madere
548 697 619 737 genae.

54 754 95 799 Qui
114 755 166 793 enim
185 754 361 794 vehementissime
376 756 445 794 amat
460 754 490 804 (ef.
507 754 549 794 ood.
563 753 644 810 llediol.
661 757 730 793 amat
745 753 797 793 hilia.

55 822 109 862 Sant.
123 823 175 863 mat
189 822 241 862 uilia
271 821 326 863 (lolb.
340 823 448 872 matilia),
462 823 480 861 is
493 822 594 862 torreri
606 822 645 862 diei
660 822 723 872 solet,
745 835 796 861 me-

54 891 147 941 dullis,
161 891 316 942 visceribus,
332 891 419 941 venis,
435 891 552 941 ossibus,
568 891 656 940 eorde,
671 892 726 931 toto
740 904 797 930 oor-

52 972 115 1012 pore
136 960 184 999 uri.
220 959 281 1005 Quod
306 973 372 1011 genus
391 960 515 999 memorabili
538 948 679 1012 ‘exemplorum
698 959 757 999 modo
776 959 797 998 in

53 1027 222 1068 Emendatiouum
242 1028 292 1068 libro
311 1029 466 1080 exsequutmiS,
496 1042 535 1081 qua
559 1028 687 1081 Propertium
704 1027 743 1067 ΠΙ.
763 1031 797 1068 23,

14 1145 17 1150 ‚
53 1096 96 1147 (IV.
108 1097 155 1148 24),
172 1096 233 1136 13111
248 1096 413 1149 disceptationem
427 1098 553 1146 vocabimus,
573 1097 622 1136 satis
635 1098 667 1136 est
680 1110 734 1137 nuno
744 1098 797 1136 attr-

52 1165 102 1205 lisse
122 1164 317 1210 Quintilianum
337 1165 392 1204 Deol.
408 1166 467 1205 XIV.
483 1169 502 1205 4.
522 1180 541 1218 p.
558 1168 611 1205 298:
630 1165 687 1215 „iarn
701 1166 796 1218 perustis,

52 1234 93 1273 iam
111 1233 297 1273 laborantibus
318 1234 500 1283 visceribus“,
521 1234 553 1274 oui
569 1234 695 1274 illaboratum
714 1232 794 1285 (Heius.

52 1386 134 1427 ingens“‚
151 1384 206 1427 iisque
222 1394 281 1418 versus
293 1383 375 1425 modulis,
392 1394 433 1426 quos
450 1382 570 1416 insolentiores
588 1383 653 1426 aliquot
669 1385 725 1416 tamen
740 1384 796 1425 poetis

53 1442 135 1484 probatos
150 1451 185 1474 esse
199 1440 226 1483 (ef.
240 1443 256 1472 et
267 1440 320 1480 Prop.
328 1440 351 1472 Π,
361 1443 412 1479 22,1
430 1439 458 1471 nri
470 1440 539 1472 iniecta
551 1441 568 1471 et
580 1439 617 1472 Seu.
630 1439 682 1472 Hero.
697 1440 733 1472 Oet,
743 1442 797 1471 1322:

52 1492 101 1530 milri
114 1496 173 1538 irata)
186 1507 205 1528 eo
219 1497 257 1529 loeo
270 1496 392 1536 obtinebimus,
407 1507 439 1538 quo
453 1496 473 1528 de
485 1497 537 1538 Prop.
545 1495 569 1529 Π.
579 1500 601 1537 6,
611 1500 632 1529 15
644 1495 762 1538 expediemus,
777 1506 797 1527 eo

52 1556 109 1586 autem
126 1553 194 1593 ordine,
212 1553 232 1585 de
249 1563 282 1594 quo
298 1553 404 1585 existimatur
416 1555 433 1584 et
445 1562 465 1584 ex
477 1552 587 1593 Hertabergii
600 1553 716 1595 disputatione
729 1551 797 1588 Quaest.

52 1622 69 1652 p.
76 1614 108 1643 122
117 1613 134 1642 et
142 1610 222 1651 Gommp.
229 1612 290 1651 180sq.
302 1609 379 1642 Husehk.
386 1610 423 1642 Tib.
433 1612 495 1651 p.316.
509 1608 640 1643 snXHLreo.
653 1608 743 1642 XJVuor.
757 1609 796 1642 Seu.

51 1666 103 1699 Here.
113 1666 148 1699 Oet,
155 1669 205 1699 1700.
217 1668 263 1698 etex
270 1665 391 1707 Propertii
399 1676 449 1698 versu
457 1664 487 1697 IV.
497 1666 605 1709 (V)11,no:
618 1665 653 1706 „Et
662 1665 727 1698 Persen
736 1666 797 1707 proavi

52 1722 220 1763 simulantempeotus
225 1721 298 1753 nonnus
305 1721 371 1764 Quique
379 1724 428 1754 tuas
437 1732 521 1764 proauo
529 1722 734 1764 neminemnedomosf‘
743 1722 798 1758 Quem

52 1779 109 1811 losum
121 1781 160 1821 post
173 1777 215 1810 alios
225 1778 344 1810 Lachmannus
352 1779 474 1820 Hauptiusque
484 1779 580 1811 iudicarunt
591 1780 617 1811 ita
627 1779 709 1821 seriptum
722 1790 732 1811 a
745 1782 797 1821 poeta

52 1834 130 1867 relietum
139 1834 167 1876 „T
174 1845 193 1874 e,
202 1834 278 1881 Pers-eu
284 1853 312 1875 —‚
321 1834 387 1876 Quique
394 1837 433 1867 tuas
440 1845 504 1877 proavo
512 1835 565 1876 tregit
573 1835 640 1868 thille
649 1835 724 1867 domos.“-
736 1835 797 1877 Longe

52 1890 86 1923 alia
93 1891 143 1923 nobis
149 1900 195 1933 meus
203 1893 233 1923 est.
247 1890 297 1926 Quod
305 1892 349 1923 enirn
358 1891 478 1933 Groningauus
486 1892 529 1924 liber
537 1892 608 1934 praebet
616 1901 710 1934 proavus,
726 1901 797 1933 quorum

52 1957 112 1990 parum
128 1947 207 1979 differunt
219 1947 356 1989 Hamburgensis
374 1951 391 1979 et
402 1948 512 1981 Dresdeusis:
529 1959 615 1991 proavos
628 1948 656 1991 (ef.
668 1947 764 1981 Pontedera
776 1948 796 1980 de

52 2004 90 2038 Ver,
102 2004 157 2036 Serib.
173 2005 210 2053 Rat.
222 2004 278 2045 EpI.
296 2015 313 2046 p.
327 2008 360 2037 327
374 2004 468 2047 Sennea),
486 2006 505 2037 id
520 2017 555 2038 non
570 2006 619 2038 dubie
637 2006 694 2047 arguit
706 2009 723 2038 et
735 2015 796 2037 nomen

51 2059 142 2092 thille
160 2058 212 2101 (quod
230 2060 304 2102 quamvis
321 2063 417 2101 suspectum
430 2062 469 2094 loeo
486 2072 520 2094 non
533 2061 586 2094 movit
597 2062 715 2094 Lachmannus
727 2061 796 2105 Lueret.

51 2116 65 2148 1.
75 2119 114 2148 739,
129 2126 146 2157 p.
155 2115 184 2157 50)
196 2116 239 2149 vitio
252 2118 311 2148 natum
324 2127 360 2149 esse
372 2119 389 2149 et
399 2119 473 2150 truces
486 2118 563 2150 domos
575 2129 614 2151 vere
629 2118 700 2151 anobis
712 2117 795 2150 coniecta·

51 2175 77 2204 tas
90 2172 173 2213 eupli.
185 2175 245 2206 not.2¹
263 2183 280 2214 p.
291 2176 316 2206 15.
341 2173 420 2215 Emergit
436 2175 481 2206 enim
497 2175 598 2208 aGoruelia
609 2176 642 2208 hoo
655 2175 696 2207 diei:
713 2185 751 2207 eum
763 2184 795 2216 ego

50 2229 140 2271 testificor,
157 2229 186 2270 qui
198 2229 240 2270 sio,
257 2232 280 2260 ut
297 2230 347 2272 ipse
361 2230 402 2262 ille
414 2241 520 2273 proavus,
535 2233 598 2264 ouius
610 2234 689 2274 peetus
702 2231 794 2263 simula-

51 2284 85 2317 vit
96 2285 205 2326 Perseus,
217 2288 273 2318 truoes
287 2286 345 2318 domos
357 2285 436 2327 fregit:

144 2342 168 2374 m
179 2342 244 2375 Persen
255 2343 316 2384 proavi
329 2342 436 2376 simulantem
449 2345 509 2385 peetus
521 2344 594 2377 Achillis

168 2397 235 2441 Quique
247 2402 334 2441 truces,
346 2410 444 2442 proavus,
456 2399 516 2442 fregit,
529 2403 553 2433 ut
562 2400 612 2440 ille,
626 2401 688 2433 domos

51 2455 96 2491 Quid
110 2455 145 2487 iam
162 2455 248 2496 potentius
265 2455 295 2488 illo
311 2456 393 2488 vocabulo
409 2457 499 2498 proavi,
517 2457 561 2499 quod
576 2457 638 2489 iterum
652 2458 727 2497 positum
743 2468 794 2501 quum

51 2511 157 2543 vehementer
174 2511 287 2553 improbasset
303 2512 396 2554 Graevius,
413 2513 471 2546 neseio
487 2524 520 2556 quo
537 2515 587 2555 paeto
603 2513 692 2546 tolerabile
711 2515 794 2547 duxerunt

50 2569 77 2600 tot
96 2567 189 2599 doctissimi
208 2569 297 2601 homines?
326 2569 428 2606 Quantulum
449 2573 504 2603 autem
523 2571 543 2602 ab
560 2569 652 2602 Achille
670 2570 757 2614 discrepat
773 2574 795 2604 ut

51 2624 91 2666 (at,
103 2623 137 2666 ae)
149 2623 200 2655 ille?
218 2628 247 2657 aut
261 2626 297 2667 quis
309 2637 343 2658 non
355 2627 403 2658 novit
414 2637 521 2668 proavum
533 2626 591 2665 illum,
604 2627 634 2668 qui
645 2628 714 2659 truces
728 2627 794 2658 domos

50 2680 135 2722 fregit?
160 2678 214 2715 Quem
226 2682 355 2728 πτολίπορθον
367 2684 516 2722 vooatHomerus,
529 2682 559 2714 alii
567 2692 661 2715 eversorem
671 2683 727 2723 Asiae,
738 2685 794 2715 vasta-

50 2740 106 2770 torem
117 2746 216 2779 regnorum,
229 2740 278 2782 τρεῖς
290 2736 424 2787 nccpcroo'puavs
437 2740 468 2773 nul
481 2741 539 2776 εἴκοσι
553 2735 622 2778 πόλεις,
