1780 2936
386 113 442 156 Caput
454 112 503 146 VIII.
783 102 824 139 165

84 226 137 271 260,
155 225 172 261 1.
189 237 207 275 p.
225 224 278 262 163:
304 214 485 275 Κεκριίφαλοι
512 211 663 270 οφίγγονσι
681 213 729 272 τεὴν
752 211 828 268 τρίχας

82 289 173 347 τήκομαι
193 286 273 345 οίοτρηι
291 286 380 345 Ῥείης
400 284 538 343 παρηοφόρον
554 281 677 327 δείκελον
689 281 790 339 είςορόιον
807 288 828 326 et

83 363 136 414 apud
150 362 281 402 Parthenium
296 373 365 409 cerva
378 361 401 398 ut
416 371 454 409 ego
469 357 566 406 arbitror,
582 355 638 394 cuius
652 356 727 395 uicaria
737 370 773 409 pro
784 357 824 395 vir-

82 432 129 482 gine
145 432 216 471 caedes
229 428 242 470 a
258 430 322 482 poetis
333 429 460 476 memoratur,
475 428 499 465 ut
513 424 607 465 allouuo
617 423 677 464 XlH.
689 428 736 464 107.
751 440 769 479 p.
782 428 823 466 356

82 495 204 555 θυηπολίην
221 495 397 553 ψευδήμονος
409 489 570 550 Ἶφινενείης
585 518 611 522 -
628 490 695 534 νόθον
706 487 763 544 εἶδος
774 491 826 550 δλη-

82 563 275 622 θέοςἸφιηενείης,
290 567 312 606 ir.
324 564 416 605 mr:
438 559 563 603 δείκελον
572 555 682 618 Ἰφιγόνης.
708 562 736 603 of.
747 564 823 604 Iacobs.

83 638 143 677 Anth.
154 637 195 675 Pal.
212 650 230 688 p.
242 637 289 675 580.
315 634 401 673 Lobeck.
416 631 516 684 Aglaoph.
531 645 550 683 p.
562 633 609 671 115.
634 630 736 671 Welcker.
748 632 823 685 Syllog.

84 708 131 746 165.
146 707 186 744 not.
198 707 246 744 214.
267 704 354 743 Meinek.
364 703 386 742 in
395 701 488 741 Parthen.
500 714 518 753 p.
530 702 572 740 284
583 700 636 751 (add.
647 700 739 740 Eustath.
752 701 824 754 Opusc.

83 774 119 815 Vl.
132 778 150 814 6,
164 788 183 827 p.
195 777 234 822 39,
246 775 282 813 14:
302 772 399 820 τοιοῦτος
413 766 452 823 μὲν
464 764 514 810 -ὁ
525 766 622 817 πάππος
633 763 644 809 δ
655 762 682 810 δι)
693 765 825 811 ddcdccdccc

82 840 119 884 καὶ
134 838 207 895 τίμιος
220 838 350 898 δείκηλον
363 836 426 889 αὐτὸς
436 840 498 880 θεῖον
508 835 706 894 φιλοσοφοίηιενος).
730 838 758 880 Ut
768 842 825 880 clara

82 913 147 953 videri
161 912 259 965 Mcgarae
274 914 334 965 queat
345 912 427 951 absente
437 909 525 967 Hercule
534 909 603 948 verius
613 903 707 961 ίνδαλμα
717 910 751 949 rel
763 905 825 951 εἴδω-

81 981 118 1022 λον
138 995 194 1032 esse,
216 994 275 1034 quam
295 974 430 1035 ἀλεξητήριον
449 975 515 1027 ξύλον.
545 977 655 1017 Daedali
668 980 735 1018 autem
750 993 823 1019 nomen

81 1052 168 1092 fortasse
182 1052 229 1091 inde
243 1050 322 1090 illatum
333 1051 375 1100 est,
392 1048 444 1102 quod
454 1047 580 1088 notissimum
590 1046 684 1087 Herculis
695 1048 823 1088 simulacrum

81 1121 145 1160 fertur
160 1121 184 1159 ab
199 1121 243 1173 ipso
253 1119 342 1159 Daedalo
354 1118 427 1158 Thebis
438 1118 552 1157 dedicatum
561 1117 623 1156 fuisse
634 1117 693 1156 Paus.
704 1117 742 1158 Dr.
755 1122 788 1167 11,
800 1122 823 1158 2:

81 1184 192 1230 Δαιδάλου
212 1185 236 1229 δὲ
255 1191 298 1229 τῶν
319 1183 384 1241 ἔργων
404 1185 440 1227 δύο
460 1182 499 1238 μὲν
518 1183 585 1225 ταῦτα
605 1182 663 1226 ἐστιν
682 1182 704 1226 ἐν
718 1183 821 1243 Βοιωτίη,

78 1254 183 1313 Ἡρακλῆς
197 1273 221 1298 τε
235 1255 256 1298 ἐν
273 1254 355 1313 Θήβαις
369 1252 405 1296 καί
420 1253 480 1311 παρὰ
496 1254 634 1308 Λεβαδεῦσιν
648 1251 660 1296 ὁ
676 1251 805 1311 Τροφώνιος.

440 1378 462 1426 2.

139 1475 183 1514 Iam
201 1489 260 1528 porro
280 1489 323 1515 rem
342 1488 451 1527 urgeamus
466 1475 620 1527 videamusque,
640 1476 709 1529 quanti
729 1477 755 1515 sit
773 1476 823 1516 illud

20 1538 22 1544 Α
80 1546 204 1593 faciendum,
218 1545 270 1597 quod
285 1546 338 1584 idem
352 1544 455 1597 Hauptius
470 1547 569 1597 pernegat
584 1545 641 1594 „ulla
655 1546 692 1585 hoo
707 1546 774 1585 sabula
789 1560 823 1585 en·
881 1566 883 1568 ·

80 1614 149 1666 plicari
168 1628 239 1666 posse,
258 1615 311 1665 quod
324 1613 447 1653 Maenalium
466 1626 544 1653 ramum
562 1613 737 1654 PROPERTIVS
753 1616 822 1655 tribuit

80 1682 179 1722 Herculi“
193 1683 224 1723 IV
240 1683 282 1734 (V).
298 1686 316 1732 9,
328 1684 365 1722 15:

167 1752 299 1792 Maenalio
313 1752 375 1792 iacuit
389 1752 460 1806 pulsus
476 1752 515 1791 tria
529 1753 620 1804 tempora
634 1765 689 1792 ramo

198 1821 263 1862 (lacus
279 1826 299 1862 et
314 1821 395 1861 Alcides
412 1822 441 1861 sic
456 1822 494 1861 ait:
515 1821 555 1870 ite,
570 1822 638 1871 bores,

168 1890 262 1931 Herculis
277 1892 305 1931 ite
319 1893 393 1941 bores,
407 1891 489 1931 nostrae
504 1891 560 1930 labor
574 1891 645 1931 ultime
660 1891 735 1941 clarae,
793 1933 797 1943 t

196 1961 232 2000 Bis
247 1961 296 2001 milri
309 1961 422 2014 quaesitae,
437 1960 468 2000 bis
483 1973 528 1999 mea
541 1961 627 2013 praeda,
642 1962 710 2000 boves.

81 2030 145 2079 Rem,
170 2043 229 2082 quam
252 2031 333 2083 penitus
359 2031 465 2083 explorare
491 2043 559 2070 omnes
584 2031 705 2082 interpretes
730 2040 822 2085 superse-

81 2100 164 2148 derunt,
182 2113 243 2152 quum
257 2113 318 2139 nosse
337 2100 424 2139 maxime
445 2099 564 2150 interesset,
584 2113 629 2140 cum
642 2101 709 2152 aliqua
719 2086 769 2140 cina
777 2102 822 2141 atti-

82 2171 156 2221 gerunt
170 2168 297 2209 Passeratius
313 2169 334 2208 in
355 2169 412 2222 Prop.
428 2183 447 2221 p.
463 2172 504 2210 619
520 2168 603 2219 (ἔκαον,
621 2168 686 2209 Oerda
702 2169 758 2222 Virg.
772 2170 823 2210 Aen.

81 2239 120 2279 XI.
132 2239 180 2278 250.
194 2253 214 2292 p.
225 2239 302 2278 1871).
322 2238 416 2290 Begerus
427 2238 486 2279 Thes.
497 2238 571 2278 Brand.
582 2238 608 2278 H.
623 2253 642 2292 p.
654 2242 700 2278 112.
712 2242 759 2279 279.
770 2242 822 2288 2803

81 2321 146 2360 neque
162 2309 215 2348 enim
228 2308 300 2348 mirum
316 2310 348 2348 est
361 2309 380 2348 ei
393 2309 535 2360 exsequendae
545 2309 657 2361 quaestioni
668 2322 707 2356 non
717 2310 823 2348 vacavisse

83 2376 217 2427 Sararonem,
237 2391 275 2430 quc
294 2378 338 2418 loco
359 2377 463 2418 Sidonium
481 2378 618 2431 Apollinarem
634 2377 698 2418 Oarm.
709 2377 769 2418 XHI.
786 2382 824 2418 10:

81 2480 93 2497 „
100 2446 195 2498 Collaque
217 2447 357 2500 flammigenae
375 2448 502 2500 disrumpens
522 2448 597 2487 fumida
616 2447 667 2486 furis
683 2447 773 2487 Tandem
787 2449 825 2488 di-

82 2520 173 2555 rectas
187 2516 302 2556 iusserit
315 2517 352 2555 ire
367 2517 467 2556 bores“
483 2518 509 2556 ad
522 2516 648 2570 Propertium
659 2518 762 2569 spectasse
773 2518 825 2557 dhrit

82 2599 101 2638 p.
113 2587 165 2634 141,
179 2587 202 2625 ut
210 2587 278 2625 tamen
287 2599 328 2633 non
337 2586 416 2625 iuberet
423 2587 474 2626 hauc
484 2587 591 2625 verborum
606 2586 761 2639 descriptionem
771 2587 825 2627 fieri:

285 2654 366 2695 Alcides
382 2656 429 2706 sic,
446 2656 484 2705 ait,
499 2656 537 2695 ite
553 2657 620 2695 bores.

83 2723 172 2763 Multum
182 2727 249 2763 autem
260 2724 361 2777 discrepat
372 2727 475 2764 auctorum
486 2725 621 2778 opinionibus,
635 2739 687 2777 quae
698 2726 753 2776 origo
763 2725 824 2764 fuerit

85 2791 200 2833 Herculeae
215 2794 289 2834 clarae.
320 2793 387 2840 Quam
403 2794 504 2847 Tirpmtlrii
520 2794 611 2834 homines
627 2796 680 2849 apud
691 2808 712 2834 se
723 2795 825 2836 inventam
