1780 2936
373 111 429 154 Gaput
440 110 490 144 rm,
770 102 810 141 165

70 222 123 267 260,
141 222 158 259 1.
175 223 193 273 η.
211 222 264 260 163;
289 211 470 273 Κενρίιηααλοι
498 210 649 270 σφίγγονσι
667 214 715 273 τεὴν
738 213 814 270 τρίχα,-

68 284 160 343 τήκομαι
180 282 259 343 οἴστρῳ
277 283 366 343 Ῥείης
386 282 524 341 ποργοφόρον
540 280 664 325 δείκελον
676 281 777 339 εἰςορίοιν
793 290 814 327 et

69 359 122 410 apud
136 358 267 399 Parthenium
282 370 351 407 cerva,
364 358 388 397 ut
402 369 440 408 ego
455 356 552 405 arbitror,
568 355 624 393 cuius
638 355 713 395 uicaria
723 369 759 409 pro
770 357 810 396 uir-

68 428 115 479 gine
131 428 202 468 caedes
215 424 229 467 a
244 427 309 480 poetis
319 427 446 475 memoratur,
461 426 485 463 ut
500 423 593 464 aNonno
604 422 664 463 XHI.
675 428 723 464 iou
737 440 756 478 p.
768 429 809 467 35ss

68 492 190 551 θυηπολίην
207 492 383 550 ψοοδήμονος
395 488 557 548 Ἰφινενείης
571 516 597 520 -
615 489 682 533 νόθον
692 487 749 543 εἶδος
759 491 812 550 ἀλη-

68 559 261 618 atomum-velue,
276 564 298 603 fr.
309 561 402 603 mr:
424 557 549 601 δείκελον
558 555 668 617 Ἰφιγόνης.
694 562 722 602 cf.
733 563 809 604 lacobs.

68 633 129 673 Anth.
140 632 181 672 Pal.
197 646 216 685 p.
228 634 275 672 580.
300 631 387 671 Lobeck.
402 630 502 683 Aglaoph.
517 644 536 682 p.
548 632 595 669 175.
620 630 722 671 Welclier.
734 631 810 685 Syllog.

70 703 116 741 165,
132 704 172 741 not.
183 704 231 740 214.
252 700 339 740 illeiuek.
350 701 371 739 in
380 699 474 739 Parthen.
485 712 503 751 p.
516 701 557 737 284
569 699 621 750 (add.
632 698 725 740 Eustatli,
737 700 810 753 Opuso.

69 769 105 810 VI.
117 773 135 810 6.
150 784 168 824 p.
181 773 219 819 39,
231 772 267 809 14:
287 770 384 817 τοιοῦτος
399 764 438 820 μὲν
449 792 478 796 —
488 762 499 807 ὁ
510 764 607 816 tirimaco
618 763 629 808 ὁ
640 760 667 808 δι’
678 764 732 809 αὐτὰ
742 771 810 810 ταῦτα

67 835 104 880 καί
120 835 192 891 τίμιος
206 835 335 894 δείκηλον
348 833 411 886 otios
421 837 483 877 θεῖον
494 833 692 892 φιλοσοφοίιιενος).
715 837 743 879 Ut
753 841 811 880 clava

67 909 132 948 videri
147 909 244 961 Megarae
259 911 320 961 queat
330 909 412 948 absente
422 907 510 964 Hercule
520 907 588 946 verius
599 901 693 959 ίνδαλμα
703 909 736 948 nel
747 903 811 950 είδιο-

66 976 103 1017 λον
123 991 180 1027 esse‚
202 990 260 1030 qnam
281 971 415 1032 ἀλεξητήριον
435 973 501 1025 ξύλον.
531 976 640 1014 Daedali
654 978 721 1016 autem
736 992 808 1018 nomen

66 1047 153 1086 fortasse
167 1047 214 1086 inde
228 1046 307 1086 illatum
319 1048 361 1095 est,
377 1045 429 1098 quod
439 1044 565 1084 notissimum
575 1044 669 1085 Herculis
681 1046 809 1087 simulacrum

65 1116 130 1155 fertur
145 1117 169 1155 ab
184 1117 228 1168 ipso
238 1115 327 1154 Daedalo
339 1115 412 1154 Thebis
423 1115 537 1153 dedicatum
546 1115 609 1153 fuisse
619 1115 677 1155 Paus,
689 1115 727 1156 IX.
739 1120 773 1165 11,
784 1120 808 1158 2:

65 1179 177 1225 Δαιδάλου
198 1180 221 1224 δὲ
241 1187 284 1224 τῶν
304 1179 370 1237 ἔργων
389 1181 426 1223 δίο
446 1179 484 1234 μὲν
503 1180 570 1222 vaurd
591 1179 648 1223 ἐστιν
668 1180 689 1224 ἐν
703 1182 806 1241 Βοιωτίη,

63 1248 168 1307 Ἡρακλῆς
182 1267 206 1292 τε
220 1250 242 1293 ἐν
259 1249 340 1308 Θήβαις
354 1249 390 1292 καί
405 1249 465 1306 παρὰ
481 1250 619 1304 Λεβαδεῦσιν
634 1247 645 1292 δ
661 1248 791 1308 Τροφώνιος.

425 1374 446 1423 2.

123 1470 167 1509 lam
186 1484 244 1523 porro
264 1484 308 1509 rem
327 1483 436 1522 urgeamus
451 1471 604 1523 videamusque,
624 1473 693 1524 quanti
713 1474 740 1512 sit
757 1474 808 1513 illud

4 1532 6 1538 ’
65 1540 188 1587 faciendum,
203 1540 255 1591 quod
269 1540 323 1579 idem
337 1539 439 1593 Hauptius
454 1542 554 1592 pernegat
569 1541 626 1590 „ulla
640 1541 677 1581 hoo
691 1543 759 1582 sabula
773 1557 807 1583 ex-

64 1608 134 1660 plicari
152 1621 223 1660 posse,
243 1610 296 1659 quod
309 1608 432 1648 Maenalium
451 1622 529 1648 ramum
547 1609 721 1651 PROPERTIVS
738 1612 807 1651 tribuit

65 1676 164 1716 Herculi“
177 1677 209 1716 IV
224 1678 266 1728 (V).
282 1681 301 1726 9,
313 1679 349 1716 15:

152 1746 283 1785 Maenalio
298 1747 360 1786 iacuit
374 1746 445 1799 pulsus
461 1746 499 1786 tria
513 1748 605 1798 tempora
619 1760 674 1788 ramo

182 1814 247 1855 Cacus
263 1820 284 1854 et
298 1814 380 1855 Alcides
397 1815 425 1855 sic
440 1815 479 1855 ait:
500 1815 539 1864 ite,
554 1816 622 1866 boues,

152 1883 246 1924 Herculis
260 1885 289 1924 ite
304 1886 377 1934 boves,
391 1885 473 1925 nostrae
488 1886 545 1925 labor
559 1885 628 1925 ultime
644 1886 719 1936 clavae,
777 1929 781 1938 Α
862 1928 863 1931 ,

180 1953 216 1992 Bis
231 1953 280 1993 mihi
293 1953 407 2006 quaesitae,
421 1954 452 1993 bis
467 1967 512 1993 mea
525 1955 611 2006 praeda,
627 1956 694 1994 boves.

65 2022 128 2070 Rem,
153 2035 213 2074 quam
237 2022 317 2075 penitus
343 2023 449 2075 explorare
475 2036 543 2063 omues
568 2025 689 2076 interpretes
714 2034 806 2078 superse-

65 2091 149 2139 derunt,
166 2105 227 2142 quum
241 2104 302 2130 nosse
321 2092 408 2131 maxime
429 2092 548 2143 interesset,
568 2106 613 2133 oum
626 2093 693 2145 aliqua
703 2079 753 2134 cura¹
761 2096 806 2135 atti-

65 2162 140 2211 gerunt
154 2159 281 2200 Passeratius
297 2160 318 2200 in
338 2160 396 2214 Prop.
412 2175 431 2214 p.
447 2163 488 2201 619
504 2159 587 2211 (treet,
604 2160 670 2203 Cerda
686 2162 742 2215 Virg.
756 2163 807 2204 Aen.

65 2229 103 2269 XI.
116 2230 163 2269 250.
178 2243 197 2283 p.
209 2230 285 2270 1811),
306 2229 400 2282 Begerus
410 2229 470 2276 Thes,
481 2229 555 2270 Brand.
565 2230 592 2270 Π.
607 2245 625 2284 p,
638 2235 684 2271 112.
696 2235 743 2271 272.
754 2235 806 2282 280;

65 2310 130 2350 neque
146 2298 199 2338 enim
211 2299 284 2339 mirum
300 2300 332 2339 est
345 2300 363 2339 ei
377 2301 519 2353 exsequendae
529 2300 641 2353 quaestioni
652 2313 691 2348 uon
701 2302 807 2341 vacavisse

66 2366 201 2418 Sauaronem,
220 2381 258 2421 quo
278 2368 322 2409 loco
343 2367 446 2409 Sidonium
465 2369 602 2423 Apollinarem
617 2369 681 2410 Garm.
692 2369 753 2410 XHI.
770 2375 807 2412 10:

65 2435 178 2489 „Collaque
200 2438 340 2491 flammigenae
359 2439 485 2493 disrumpens
506 2439 581 2479 fumida
600 2439 650 2478 furis
666 2439 757 2480 Tandem
771 2442 808 2480 di-

65 2510 156 2546 rectas
171 2506 285 2546 iusserit
298 2507 336 2546 ire
351 2508 451 2547 boues“
467 2509 492 2548 ad
506 2508 632 2562 Propertium
642 2511 746 2561 spectasse
756 2511 809 2550 dixit

65 2590 85 2629 p.
96 2577 148 2625 141,
162 2578 185 2616 ut
193 2577 261 2616 tamen
270 2589 311 2624 nou
320 2577 399 2617 iuberet
406 2578 458 2617 hano
467 2579 575 2617 uerborum
589 2579 744 2631 descriptionem
754 2580 809 2619 fieri:

268 2644 350 2686 Alcides
365 2646 412 2697 sic,
429 2648 467 2697 ait,
482 2647 521 2687 ite
536 2649 604 2687 hones.

67 2714 155 2754 Multum
165 2717 233 2754 autem
243 2708 345 2769 discrepat
355 2718 458 2756 auctorum
469 2717 604 2769 opinionibus
618 2731 670 2769 quae
681 2718 736 2769 origo
746 2718 807 2758 inerit

67 2782 183 2824 Herculeae
198 2785 272 2825 clavae.
303 2785 370 2832 Quam
386 2785 487 2839 Tirynthii
503 2786 594 2827 homines
610 2788 663 2841 apud
674 2800 695 2827 se
705 2788 808 2829 iuuentam
