1780 2936
408 101 465 146 Caput
477 100 492 136 1.
796 79 823 130 13

80 210 209 265 a'rpacias
228 209 291 250 Palat.
310 208 377 262 optim.
396 205 602 256 111011101Χ.4,9.
621 206 741 261 arpialas
760 205 824 246 Pelet.

80 280 159 333 Apulej.
174 280 223 321 Met.
237 278 264 319 X.
277 292 296 332 p.
314 280 360 319 706.
383 275 508 329 arripias
523 275 568 316 Iun.
589 274 692 317 Olaudian.
710 274 762 315 Bell.
778 272 824 317 Get.

80 349 255 403 20011111ίο0
277 347 325 388 0011.
345 346 413 386 Valer.
432 344 498 384 Illaec.
518 343 556 384 IV.
573 346 621 384 428.
641 345 738 398 arphas
757 342 825 385 Guelf.

80 417 136 458 Serv.
153 431 184 471 ap.
198 418 249 458 Bod.
264 415 367 468 Mythogr.
381 415 397 455 Ι,
409 416 442 454 27.
453 426 472 466 p.
484 415 507 464 0,
519 414 553 453 38.
568 411 626 452 Obss
636 426 656 466 p.
667 415 700 453 12.
713 413 823 466 arphias

79 500 98 538 p.
110 488 144 535 10,
156 488 168 525 3
180 483 238 524 Obss
248 498 267 537 p.
279 486 312 523 13.
327 482 431 536 arpyias
446 481 509 521 Paris.
522 481 617 521 Priscian.
626 482 642 521 Ι.
657 483 690 521 50.
704 495 723 534 p.
739 485 773 531 37,
789 486 822 528 12,

80 554 172 600 Quorum
183 554 225 592 sive
236 552 285 592 11000
296 551 406 605 sumpseris
422 551 552 603 arpaties:
568 550 700 602 arpialas,
716 563 767 603 quae
781 553 824 592 exi-

81 635 121 673 guo
132 621 246 661 discrimine
256 622 281 660 ab
296 620 416 673 arparias
431 621 451 658 01
466 619 591 672 arpiaras
606 619 697 659 seiuncta
707 632 753 659 esse
765 633 824 661 nemo

80 690 138 729 facile
149 689 231 740 ignorat
243 689 300 739 (conf.
306 688 455 728 Drakenborch.
467 688 487 726 in
498 688 542 728 Liv.
550 688 575 728 V.
587 688 625 738 55,
637 691 655 728 3.
665 701 685 741 p.
692 690 740 728 400.
751 689 775 728 Τ.
784 688 825 731 ΠΙ.

79 752 101 799 P.
112 758 199 808 IValg.
215 772 234 811 p.
251 761 298 798 126.
315 759 365 810 500)
381 758 426 797 sive
440 756 569 809 arpujias:
585 756 707 809 arpotias
723 757 791 809 (Valg.
804 771 824 811 p.

81 831 129 868 201.
139 827 229 879 Propert.
243 826 281 866 ΠΙ.
303 829 340 877 12,
357 829 375 866 7.
387 825 484 865 iniecta.
501 825 565 878 Neep.
580 825 679 865 intecta.
690 825 727 866 IV.
737 829 777 876 10,
786 830 825 868 27:

81 896 141 936 Veii.
154 894 227 935 Hamb.
242 895 332 945 vecii),
351 894 405 946 quod
419 893 483 933 simile
498 896 531 933 est
543 893 589 933 voci
603 892 729 933 arbuteus
749 894 825 947 aliquo-

81 964 120 1004 ties
140 976 185 1003 oum
203 976 253 1004 uoce
273 963 401 1003 arboreus
421 962 515 1002 confusae
535 962 652 1013 (Burmann.
666 962 688 1001 in
701 961 760 1003 Ouid.
774 963 825 1004 Met.

81 1032 98 1072 Ι.
115 1034 163 1071 104.
175 1044 194 1083 p.
212 1033 281 1072 0001
297 1033 344 1071 632.
358 1045 378 1084 p.
393 1032 428 1080 75)
444 1031 487 1069 sive
500 1031 568 1084 ipsum
585 1030 636 1069 illud
656 1031 758 1083 arpyias
779 1045 825 1084 pro-

81 1103 127 1154 pter
141 1099 259 1140 affinitatem
273 1101 333 1139 notae
345 1100 458 1140 fitterarum
473 1112 500 1139 er
516 1099 585 1151 (Valg.
595 1112 614 1152 p.
625 1101 653 1140 45
665 1099 702 1151 sq.)
712 1100 827 1141 instructis-

83 1169 155 1208 simum
168 1169 195 1208 ad
210 1168 333 1220 gignendam
346 1180 418 1208 vocem
434 1168 547 1220 arperias:
569 1167 673 1219 arporias
690 1167 748 1218 (conf.
763 1167 825 1208 Anth.

82 1238 127 1277 Lat.
137 1236 153 1276 I.
165 1239 217 1288 173,
230 1239 268 1276 10:
279 1236 363 1276 celare
377 1235 475 1288 querelas.
486 1236 542 1276 codd.
552 1235 608 1275 Leid.
619 1235 698 1276 Divion.
710 1236 825 1277 colorare.

82 1305 152 1356 Hight.
171 1304 299 1354 celerare),
320 1305 361 1344 1010
383 1304 458 1357 aliquid
477 1304 577 1357 percipies
597 1304 630 1344 hic
650 1305 752 1354 extitisse,
769 1306 825 1348 unde.

82 1373 158 1413 librarii
168 1373 218 1413 falso
228 1372 262 1412 illo
278 1371 382 1412 Sinidis
397 1372 477 1412 nomine
492 1373 616 1424 („oruoes
632 1371 733 1424 Sinis“)
748 1373 825 1415 inducti

81 1441 175 1481 facillime
187 1442 214 1480 ad
229 1440 343 1481 formandas
357 1454 419 1481 uoces
439 1441 567 1481 arboreas
586 1454 678 1481 cruces
697 1441 826 1493 prolaberen-

81 1512 126 1560 tur,
152 1522 214 1562 quum
232 1508 353 1562 praesertim
373 1508 477 1549 temeritas
495 1509 575 1549 lilteras
595 1522 608 1561 p
626 1509 674 1549 etb
696 1509 825 1561 permutandi

81 1578 144 1617 nimie
171 1578 282 1630 erupisset,
305 1579 329 1616 ut
353 1578 407 1629 apud
432 1578 563 1629 Propertium
580 1577 619 1617 III.
641 1579 679 1627 15,
698 1580 711 1616 2
732 1580 824 1629 pacato.

81 1643 178 1695 Groning.
195 1645 300 1684 baccato.
315 1644 378 1684 IIeut.
393 1644 483 1683 Broukh.
493 1645 551 1685 Leid.
566 1658 596 1698 pr.
611 1646 726 1686 1100011010
739 1646 825 1699 aliaque,

81 1725 133 1765 quae
143 1713 261 1764 quaestione
275 1712 300 1751 de
310 1725 369 1753 carm.
385 1712 422 1753 IV.
436 1715 459 1762 8,
475 1715 502 1754 88
516 1714 610 1753 instituta
618 1716 659 1755 101.
670 1718 698 1755 27
712 1714 834 1766 0110101110Γ

81 1781 135 1833 apud
146 1779 242 1820 Ovidium
251 1780 281 1819 Ib.
291 1782 334 1820 290
342 1794 445 1834 corpore.
456 1779 536 1822 Sarrav.
546 1783 636 1821 arbore.
646 1780 748 1822 Catullum
759 1786 825 1833 64‚4:

81 1847 174 1899 Argivae
188 1849 260 1888 robora
273 1848 351 1901 pubis.
364 1848 411 1889 Dat.
425 1849 486 1901 Laur.
500 1849 593 1903 puppis
604 1852 625 1890 et
635 1849 744 1904 Corippum
753 1850 824 1893 Ioann.

80 1916 105 1956 V.
119 1917 171 1956 385:
196 1917 297 1956 deducere
315 1930 414 1970 puppes
433 1917 487 1957 'Irin
506 1919 599 1971 pubes,
619 1917 767 1959 Ennodium
781 1918 824 1959 Vit.

63 1987 65 1989 ’
80 1982 179 2036 Epiphan.
189 1998 207 2037 p.
219 1986 267 2025 215.
278 1982 305 2034 Ο,
316 1986 348 2025 oui
357 1999 394 2038 pro
408 1986 550 2026 verborum
565 1986 661 2039 digitis
673 1988 824 2040 vepretornm

80 2052 171 2103 rigidis
186 2052 294 2092 reddemus
313 2052 334 2092 iu
347 2053 428 2106 Ex'plie.
442 2053 521 2095 cinnae
539 2055 610 2107 fragm.
624 2054 706 2096 XVIII.
723 2057 745 2095 01
763 2055 789 2095 iis
802 2056 824 2097 in

80 2119 140 2168 locis,
161 2132 211 2171 quos
227 2114 348 2160 contulimus
364 2121 422 2162 Aual.
443 2122 501 2175 Prop.
521 2123 548 2164 V.
567 2137 586 2176 p.
603 2124 636 2163 35.
656 2125 677 2163 01
696 2122 779 2169 010001
798 2125 824 2164 (10

81 2187 169 2227 Tanusic
192 2186 277 2229 Gemino
300 2188 338 2229 IV.
359 2203 378 2243 p.
393 2192 421 2230 28
445 2191 495 2230 conf.
517 2190 637 2232 Oorssende
653 2192 754 2246 Appellat.
774 2191 823 2234 Litt.

79 2256 124 2296 Lat.
139 2255 156 2295 Ι.
173 2269 192 2308 p.
208 2258 235 2297 59
252 2270 280 2310 sq.
311 2255 404 2297 Omissae
425 2260 493 2298 autem
513 2259 656 2313 adspirationis
682 2259 742 2299 etiem
764 2260 824 2313 plura

80 2326 190 2375 supersunt
211 2325 317 2377 exempla;
347 2338 394 2365 nam
415 2327 470 2379 apud
496 2328 626 2367 Lactantium
647 2328 668 2367 in
688 2326 738 2368 suat.
761 2328 823 2370 Theb.

79 2388 138 2429 VIII.
160 2392 207 2431 255.
226 2394 303 2445 11285
323 2393 344 2433 in
365 2393 516 2435 Scheftlariensi
536 2395 616 2448 arpics
634 2395 715 2448 inveni,
733 2396 755 2436 in
775 2397 824 2438 duo-

78 2458 117 2496 bus
141 2457 296 2500 Monaoensibus
320 2472 423 2515 arpyas,
453 2463 507 2515 quod
525 2464 579 2503 idem
603 2464 680 2515 legitur
700 2466 824 2519 011111Μο1-

78 2525 148 2565 tialem
166 2525 179 2565 l.
201 2526 220 2566 d.
241 2527 262 2566 in
285 2528 386 2569 codicibus
408 2529 492 2571 Putean.
520 2532 541 2571 01
560 2531 631 2582 ross,
656 2535 677 2573 et
700 2535 722 2574 in
741 2535 824 2587 Virgilii

78 2594 146 2635 codice
156 2593 258 2635 Wallianc
278 2596 329 2636 Aen.
344 2597 383 2639 ΠΙ.
400 2601 442 2639 249
458 2598 568 2653 Arpiae,
587 2600 609 2639 in
624 2600 720 2642 Leidensi
738 2602 824 2644 Luxorii

78 2665 118 2713 46,
136 2666 155 2703 8.
175 2676 194 2716 p.
210 2665 251 2704 003
270 2663 400 2717 arpiacis,
422 2667 476 2720 apud
496 2667 602 2722 Hyginum
621 2669 716 2711 1011181
734 2670 823 2722 (1111111011.
