1780 2936
377 95 431 136 Caput
444 93 476 126 ur.
777 80 804 117 5?

58 202 147 253 Heinsii,
172 203 195 242 ut
219 202 333 255 apparebit,
356 200 437 253 ingenio
460 199 574 238 inventum:
599 197 663 248 „hino
681 195 736 235 illino
755 196 806 234 fre-

59 274 165 323 quens“‚
180 274 201 312 et
214 271 286 312 Bothio
299 270 422 325 perplaouit,
439 268 485 308 olim
500 266 583 307 Heinsio
599 268 612 306 l.
624 268 651 316 d,
670 266 727 306 ouius
742 266 806 305 verba

58 341 141 394 indigno
164 343 242 382 silentio
266 355 278 382 a
298 341 361 382 doetis
381 339 494 380 hominibus
513 337 656 390 praetermissa
675 336 696 376 in
716 336 804 376 medium

58 410 105 452 iioet
118 413 218 465 proferre:
238 411 344 463 „Egregie
359 409 475 451 Gronovius
491 421 536 447 oum
550 408 571 447 in
585 406 700 446 Fiorentino
716 406 804 460 reperis-

59 483 100 520 set:
123 483 149 521 et
171 480 375 533 quidquid'fuit
395 477 464 518 Solum
490 490 569 529 quoque
590 476 687 528 ingens
705 477 804 528 urgeat

58 550 239 589 hineetiltino
253 561 353 598 nemus,
368 550 411 587 tum
421 560 479 586 mox:
494 546 569 585 dirus
584 545 710 585 immittat
725 545 803 595 einis,

59 619 158 658 restituit:
183 619 203 657 et
228 617 323 670 quidquid
344 617 396 656 fuit
416 640 445 645 -
465 616 511 655 hine
528 616 583 655 irh'no
601 615 677 655 simul
694 616 715 653 et
734 615 806 654 dirus

58 688 154 727 immittat
173 686 249 726 Sinis.
284 686 329 740 Ego
356 687 412 726 otim:
435 686 507 737 sm‘gat
532 686 578 724 hino
598 685 653 724 iltino
672 684 807 736 frequens,

60 757 113 809 quod
129 758 238 809 avulgata
253 757 354 809 scriptura
368 756 471 795 nrinimum
487 755 533 805 abit,
547 755 581 795 vel
596 768 641 794 eum
657 754 678 793 in
688 752 805 793 Florentino

61 826 87 865 sit
99 839 195 876 nemus,
212 826 349 865 conficiebam:
372 825 444 876 surgat
458 824 504 863 hino
518 825 572 864 illino
586 825 656 863 metu
662 837 677 862 s.
707 822 732 861 In
745 835 805 876 prae-

61 895 177 934 cedentibus
194 895 231 934 hoo
254 908 333 947 quoque
351 894 392 946 legi
411 895 491 947 posset:
517 896 537 933 et
558 893 654 945 quidquid
672 892 755 941 foret,
773 892 807 930 vel

61 962 129 1003 oluit
144 976 180 1016 pro
195 964 284 1003 furit.“
307 963 407 1016 Equidem
416 963 437 1002 in
448 962 487 1001 alia
498 962 564 1002 omnia
575 962 717 1001 discedendum
728 974 806 1000 censeo,

61 1031 144 1071 Minime
159 1032 211 1070 enim
228 1032 311 1071 rationis
327 1034 358 1071 est
373 1032 503 1079 sententiam,
519 1044 579 1084 quam
593 1032 649 1070 reete
664 1031 685 1069 et
702 1032 805 1070 commode

62 1101 139 1140 eruisse
157 1101 256 1140 iudicatur
275 1099 400 1152 Gronovius,
422 1101 506 1139 hanone:
531 1112 599 1152 „quae
618 1101 709 1138 monstra
726 1099 807 1150 singula

62 1183 140 1222 quoque
152 1170 250 1209 terribilia
264 1170 349 1220 fuerint,
368 1169 451 1208 irmotim
465 1170 489 1208 ab
504 1169 558 1207 omni
572 1170 630 1221 parte
644 1181 677 1206 me
690 1167 806 1217 adsiliunt“‚

64 1250 115 1288 quae
131 1238 231 1277 sententia
245 1239 342 1277 malorum
356 1238 509 1277 universitatem
524 1238 662 1290 oompteotitur
676 1237 736 1276 etiam
746 1237 807 1275 latius

63 1308 135 1357 patens
146 1307 186 1355 iiia,
202 1319 261 1358 quam
276 1309 431 1358 praestruxerat
442 1308 503 1359 poeta
517 1319 537 1345 v.
549 1308 615 1346 1388:
632 1306 721 1357 „mille
738 1306 807 1345 deour-

63 1377 109 1413 rant
122 1375 323 1426 tesserarumque
337 1376 447 1424 Iacerent‘,
462 1375 549 1414 mediam
562 1376 691 1427 interponere
706 1374 745 1426 ipsi
760 1388 807 1413 enu-

63 1443 169 1482 merationi
184 1444 281 1482 malorum
297 1444 432 1495 singulorum:
447 1442 615 1496 Stymphalidum,
630 1443 683 1482 tauri
698 1441 808 1495 Cretensis,

64 1509 138 1550 Sinidis
149 1524 179 1561 eo,
193 1525 231 1564 quo
242 1512 262 1550 id
272 1512 347 1552 fantum
356 1513 455 1561 videmus7
466 1512 533 1551 modo:
550 1514 575 1551 et
586 1512 681 1564 quidquid
691 1511 729 1550 fuit
739 1511 809 1551 Solum

64 1592 142 1631 quoque
156 1581 228 1630 ingens
243 1583 314 1631 surgat
327 1582 373 1620 hine
385 1581 438 1619 iitine
455 1580 515 1619 simul
530 1581 646 1633 Artusque
662 1582 742 1620 nostros
753 1581 808 1620 dirus

62 1648 157 1687 immittat
176 1648 238 1688 Sinis:
263 1648 351 1701 Sparsus
371 1650 455 1688 silebo‚“
483 1648 527 1689 Neo
545 1650 570 1688 ab
588 1651 625 1689 hao
647 1649 747 1702 pravitate
763 1663 808 1689 eon-

63 1716 102 1755 silii
115 1730 156 1756 non
171 1718 245 1756 avertit
260 1718 347 1758 animum
362 1718 472 1757 auotoritas
488 1718 533 1757 libri
543 1717 660 1766 Florentini,
675 1718 695 1756 in
707 1731 745 1769 quo
757 1731 809 1771 quae

62 1798 104 1825 vox
127 1788 204 1825 manet:
229 1799 331 1836 nemus,
357 1799 381 1826 ea
398 1787 505 1840 perspiouo
524 1787 642 1838 argumento
663 1788 695 1825 est
712 1787 743 1825 his
763 1801 808 1827 ver-

62 1849 102 1893 bisi
122 1856 216 1905 surgat
230 1855 290 1893 hine
304 1856 379 1894 iiline
393 1868 483 1894 nemus
499 1856 564 1907 ipsam
577 1868 621 1894 eam
636 1868 680 1893 rem
694 1855 808 1896 inohoatam

63 1935 119 1972 esse,
139 1936 190 1975 quae
209 1925 365 1964 eonsummanda
382 1925 403 1963 in
421 1924 535 1976 proximum
553 1937 647 1963 versum:
672 1923 808 1977 Artusque

62 1993 170 2030 nostros
191 1992 262 2030 dirus
283 1992 411 2032 immittat
430 1991 500 2031 Sinis
520 1992 626 2046 pertineat.
659 1990 718 2031 Unde
734 1994 808 2046 planis-

63 2060 113 2099 sime
128 2061 153 2099 ad
168 2074 239 2099 verum
257 2061 401 2101 inveniendum
415 2061 524 2114 proficitur.
555 2061 623 2107 Quum
638 2062 692 2100 enim
707 2063 808 2103 maximae

63 2141 153 2179 quaeque
173 2130 240 2167 trabes
259 2130 436 2169 vehementissime
457 2130 554 2168 reoeHant
572 2130 749 2183 foedissimumque
764 2144 807 2170 eor-

62 2197 116 2248 poris
132 2197 215 2248 deligati
229 2197 304 2238 faeiant
321 2199 484 2251 dissipatmnem,
503 2199 589 2250 patescit
603 2198 712 2238 Heronem
732 2212 807 2252 negare

62 2266 150 2314 gemitus
172 2278 194 2304 se
215 2266 315 2305 editurum
337 2280 394 2316 esse,
414 2267 431 2306 si
446 2268 528 2306 arbores
543 2268 595 2306 duae
610 2273 645 2306 aut
659 2268 720 2306 etiam
732 2269 808 2321 piures,

63 2345 147 2383 quarum
167 2334 268 2386 quaelibet
285 2336 418 2385 „umbrosum
435 2347 520 2387 magnas
536 2349 597 2389 super
613 2336 675 2375 ardua
690 2336 752 2376 siivas
765 2337 808 2378 Nu-

62 2400 120 2440 bibus
130 2402 230 2442 insertans
241 2404 287 2442 altis
302 2407 367 2457 eaput,
380 2406 478 2452 instar,
492 2407 584 2456 aperto
599 2404 625 2444 Si
638 2407 693 2444 stet
708 2418 807 2459 eampo,

62 2471 193 2508 nemoris“
210 2471 303 2511 videatur
320 2486 366 2512 esse
383 2474 414 2524 (nt
429 2473 457 2511 ait
473 2471 534 2511 Sinus
549 2472 633 2512 Italicus
644 2472 668 2511 V.
680 2474 743 2525 481),
762 2476 809 2515 hino

61 2537 116 2578 illine
130 2541 216 2591 surgant
229 2554 291 2592 seque
306 2542 332 2581 ad
348 2542 427 2580 deflexa
442 2540 545 2581 oaoumina
559 2542 647 2581 babeant
662 2542 783 2594 defigatum:

354 2610 481 2662 quidquid
494 2610 546 2648 fuit

121 2676 190 2717 Solum
206 2691 284 2729 quoque
300 2679 384 2729 ingens,
399 2681 471 2730 surgat
486 2679 531 2718 hine
547 2678 611 2728 iiiine,
629 2693 724 2719 nemus.

63 2744 149 2790 Qualem
169 2747 260 2786 arborem
285 2746 380 2787 deseribit
399 2747 443 2800 ipse
464 2746 541 2787 Seneca
561 2746 632 2800 Oedip.
648 2749 700 2787 542:
724 2748 808 2797 „Medio
