1780 2885
403 72 458 114 Caput
470 72 502 105 IH.

441 173 462 220 5.

148 250 176 291 Et
199 252 252 293 hunc
277 254 357 307 quidem
378 256 443 295 locum
467 256 610 309 perpolivimus
628 270 703 308 magna
721 259 824 297 doctorum

81 319 183 359 homiuum
207 322 332 363 dissensione
359 324 393 363 diu
418 326 581 374 controversum
605 326 673 375 illum,
694 327 727 377 qui
752 327 784 364 est
804 326 825 364 in

81 387 228 441 Hippolyto
242 404 261 431 u.
274 395 340 442 1223,
360 406 418 445 quem
438 407 484 433 cum
505 407 573 433 omnes
590 393 679 434 Senecae
697 395 825 446 interpretes,

80 458 124 495 tum
139 457 236 499 Heinsius
257 464 278 500 et
293 460 439 502 Valckenarius
454 463 474 502 ll.
490 463 521 502 dd.
537 464 566 502 sio
580 464 649 515 legere
665 464 824 504 consueverunt:

213 528 274 568 Pinus
290 531 357 569 coacto
372 531 450 570 vertiee
467 532 570 583 attingens
584 533 667 571 humum

213 596 274 636 Coelo
289 599 397 637 remissurn
410 599 474 639 findat
487 600 509 638 in
523 600 614 651 geminas
629 602 696 640 trabes

212 665 308 705 Mittarue
322 679 420 719 praeceps
434 680 485 707 saxa
498 681 535 720 per
550 667 646 718 Scironia,

80 733 119 784 ipsi
139 746 175 772 uos
193 733 214 772 in
232 735 370 785 quaestionem
384 736 507 775 adducimus.
536 736 565 775 Et
578 737 655 777 merito.
685 737 756 789 Neque
772 738 825 775 enirn

80 802 157 840 ratione
175 802 219 841 lieri
240 803 329 853 uidetur,
348 804 401 855 quod
419 805 462 856 pini
477 806 554 844 vertice
566 805 633 845 locum
647 818 706 845 suum
719 807 825 857 repetente

81 883 153 923 ocrpus
173 871 194 909 in
210 871 301 921 gentines
322 873 389 911 trahes
404 872 454 911 findi
468 873 545 912 dicitur¹
574 873 627 912 Nam
643 874 749 926 quominus
765 874 824 912 unius

80 938 122 991 pini
141 939 202 977 ramis
222 939 247 978 ab
268 938 335 979 Sinide
354 953 426 993 corpus
444 941 544 993 illigatum
559 942 622 981 fuisse
637 945 750 982 statuamus
765 943 825 993 (quae

80 1008 161 1047 ridetur
176 1021 222 1047 esse
233 1009 298 1061 opinio
309 1008 412 1060 Salvagnii
422 1010 443 1049 in
453 1009 481 1049 lb.
493 1013 541 1050 411.
557 1024 575 1063 p.
588 1014 639 1050 102:
659 1004 825 1063 „Pityocamptes

80 1077 109 1115 ita
125 1076 244 1129 appellatus,
259 1078 312 1129 qnod
329 1078 429 1130 hospitum
440 1079 521 1118 brachia
535 1079 613 1118 ramis
629 1079 706 1131 pinus
718 1080 826 1118 interram

81 1146 172 1184 adductis
187 1145 286 1196 alligaret,
300 1148 323 1185 ut
336 1147 466 1186 redeuntibus
478 1147 499 1186 in
515 1148 577 1186 altum
591 1148 653 1187 ramis
668 1148 768 1199 discerpto
782 1160 825 1186 cor-

80 1226 129 1265 pore
147 1215 216 1265 partes
235 1213 256 1252 in
273 1214 354 1253 diuersa
374 1216 485 1254 caderent“
500 1218 522 1254 et
540 1216 603 1268 ipsius
619 1214 715 1255 Gronovii
730 1216 750 1255 in
765 1215 824 1254 Hero.

81 1280 198 1323 Oet1393.
217 1297 236 1335 p.
248 1284 299 1322 686:
315 1283 480 1336 „Pityooamptes
496 1284 571 1323 scilicet
584 1284 618 1323 ille
628 1284 722 1335 alligatos
737 1284 825 1323 arbori

80 1351 167 1390 flexae
183 1352 273 1390 remittat
287 1353 308 1391 et
323 1351 408 1391 distrahi
422 1352 507 1403 faciat“)
522 1352 614 1404 prohibet
629 1352 689 1391 simul
704 1355 725 1391 et
738 1365 825 1391 commu-

80 1422 112 1459 nis
123 1419 158 1459 illa
169 1417 293 1459 Graecorum
302 1420 360 1470 fama,
376 1434 435 1472 quam
450 1433 491 1474 oap.
502 1420 519 1460 Ι.
531 1425 548 1460 1.
564 1420 591 1460 Π,
604 1424 622 1460 2.
637 1420 676 1460 ΠΙ,
688 1425 706 1460 1.
718 1421 825 1460 contestati

81 1502 160 1537 surum,
178 1492 200 1528 et
215 1490 301 1528 coacti
320 1489 434 1528 uerticis
449 1490 608 1529 commemoratio
624 1491 645 1528 et
660 1489 823 1542 exploratissima

79 1558 111 1597 uis
125 1559 185 1610 atque
198 1571 248 1597 usus
264 1558 319 1597 vocis
333 1558 434 1607 trabeS,
454 1570 493 1609 qua
510 1571 536 1596 ne
550 1558 579 1597 illi
595 1558 675 1609 quidem
690 1558 740 1597 rami
755 1557 823 1611 appel-

80 1627 117 1666 lari
135 1628 220 1678 queunt,
242 1627 267 1665 de
286 1626 358 1677 quibus
374 1625 451 1666 Seneca
467 1626 548 1679 Thyest.
566 1629 616 1666 110:
639 1627 723 1665 nudus
744 1627 824 1665 stetit

79 1694 211 1746 Fugiente
231 1708 300 1747 pomo
321 1708 411 1734 ramus.
446 1694 514 1741 Quum
531 1695 594 1747 igitur
615 1695 712 1735 eiusmodi
726 1695 823 1735 vocabulo

81 1778 130 1817 opus
152 1764 187 1815 sit,
208 1778 246 1816 quo
268 1778 307 1804 uno
324 1764 421 1804 contineri
437 1764 544 1804 rideantur
559 1777 592 1814 ea,
608 1777 661 1816 quae
674 1764 779 1803 subiuncta
794 1764 824 1803 ri-

80 1834 161 1872 demus:
173 1833 291 1884 geminas
303 1834 404 1882 trabae,
415 1832 471 1872 nulla
479 1836 549 1872 'tamen
560 1832 676 1885 suppeditat
686 1833 824 1884 exemplorum

81 1902 199 1951 similitudo,
221 1915 260 1954 qua
282 1902 346 1941 fretus
366 1901 398 1941 hic
418 1901 498 1954 quidem
516 1902 602 1954 pinum
617 1901 713 1940 defendas
728 1901 766 1940 dici
781 1894 839 1939 sive*

80 1973 220 2022 utramque
252 1970 340 2023 pinum
375 1971 418 2010 sive
449 1970 710 2022 quantulamcunque
740 1970 825 2021 pineti

80 2042 194 2093 partem,
211 2053 249 2079 nec
267 2039 351 2091 prodest
371 2039 478 2091 quidquam
499 2052 568 2079 eorum
590 2039 711 2091 comparatio
730 2039 825 2088 locorum,

80 2110 152 2162 quibus
171 2109 211 2148 iam
229 2110 356 2158 uniuersum,
378 2108 431 2159 quod
450 2110 553 2160 receptum
572 2108 620 2158 fnit,
638 2121 703 2159 genus
718 2108 825 2159 designare

80 2268 112 2300 Ies.
125 2267 242 2299 immixtum.
267 2266 310 2298 conf.
328 2266 455 2298 Drakenborch.
471 2266 490 2298 in
508 2265 545 2298 Liv.
553 2265 583 2297 IV.
592 2269 620 2305 43,
629 2270 644 2298 5.
672 2266 736 2308 Ugutio
753 2267 763 2299 1,
780 2266 825 2299 infra
855 2262 857 2264 ¹

80 2325 112 2358 VI.
121 2329 136 2358 5.
149 2327 214 2357 110129
227 2324 273 2357 affer.
284 2324 338 2367 Prop.
346 2323 369 2357 Il.
377 2328 393 2364 l,
402 2326 432 2356 23:
446 2334 555 2356 connexos
567 2343 589 2347 —
603 2334 672 2365 carpere
684 2323 744 2355 crines.
756 2323 825 2356 Mentel.

80 2382 128 2415 Leid.
142 2393 168 2424 pr.
181 2390 301 2422 oommexos,
313 2384 333 2413 ut
345 2391 397 2423 paene
409 2380 461 2413 mirer
474 2380 520 2422 apud
532 2379 641 2413 Catullum
653 2379 715 2414 XCVI.
724 2384 743 2413 4:
756 2381 825 2423 „Atque

81 2439 134 2471 olim
153 2439 233 2470 missas
252 2438 342 2481 (Orcum
363 2438 441 2469 missas
458 2438 550 2469 Burmann.
575 2438 631 2470 Orco
651 2448 735 2471 mersas
752 2436 825 2481 Haupt.)

80 2496 139 2528 flemus
156 2496 238 2528 amicitias
245 2497 255 2513 “
278 2506 289 2527 a
305 2495 352 2527 nullo
370 2496 412 2535 hoc,
435 2495 480 2536 quod
498 2495 538 2526 satis
557 2494 659 2536 respondere
682 2495 748 2527 ridetur
771 2494 825 2526 uerbis

80 2556 168 2586 veteres
181 2563 275 2593 amores,
291 2553 399 2595 propositum
415 2562 461 2583 esse:
478 2551 537 2592 „olim
554 2553 646 2592 ΜΝ,
663 2555 682 2583 ut
697 2552 753 2584 valer.
768 2552 825 2583 Flauo.

79 2610 112 2643 111,
122 2613 163 2643 503:
180 2608 264 2651 „foedera
275 2610 341 2643 nectc“.
361 2608 433 2646 Quintil.
445 2608 536 2643 Dentur
551 2612 568 2641 et
579 2609 665 2643 Claudios,
677 2609 733 2656 Rufin.
746 2609 769 2641 Π,
783 2611 825 2639 321:

80 2667 173 2710 „Nonus
190 2666 326 2700 amioitiae“.
353 2666 394 2699 Stat.
413 2664 474 2698 Aehill.
488 2665 502 2698 1.
516 2669 559 2699 174:
576 2677 675 2708 „connexus
692 2675 749 2699 amore
764 2664 825 2697 Patro-

80 2724 137 2757 clns“.
161 2723 419 2756 Tac.Ann.l.d.Hist.1.c5:
436 2733 485 2764 „uuo
502 2733 550 2756 anme
564 2723 641 2756 discretis
649 2732 741 2756 connexum
750 2721 825 2763 odium“.
