1780 2885
73 50 114 90 158
386 60 442 102 Gaput
453 60 503 94 VIII.

73 164 119 205 Il.
134 167 218 218 pate,
235 168 267 205 11.
292 164 320 205 H.
331 168 348 205 2.
362 178 379 219 p.
391 167 479 216 293‚1;
498 178 564 217 neque
585 165 640 208 sliud
654 166 735 206 uidetur
748 165 815 207 dicere

73 233 174 273 Aristides
194 231 228 273 Or.
238 233 263 273 V.
280 248 299 288 p.
315 237 353 285 51,
375 236 398 274 9:
421 230 461 282 τὰς
484 228 542 287 όρνις
560 229 599 283 νὰς
617 230 669 289 περὶ
688 228 816 290 Στύμφηλον

73 298 246 360 ᾃιαφθειρούσας
265 301 292 343 cd
313 299 383 344 πολλοὶ
399 305 437 359 τῆς
451 297 567 357 Ἀρκαδίας
581 293 638 358 εὗρεν
653 298 714 351 ὅσιος
729 298 827 358 ἐκβάλῃ,

73 370 115 411 Sed
135 372 161 411 ad
185 373 255 412 clarae
278 374 399 413 mentionem
417 373 503 412 redeam.
539 372 636 413 Pisandro
655 372 727 425 igitur,
750 373 816 421 oredo,

73 441 152 479 assensi
162 443 210 480 sunt
226 441 317 494 Caligula
331 442 424 481 inaurata
439 441 497 481 clava
512 454 561 481 usus
577 441 634 493 (Phil.
647 441 660 480 l.
671 454 689 495 p.
701 444 742 481 152
752 441 787 495 d.)
795 446 815 480 et

72 509 118 560 ille,
133 510 167 562 qui
175 510 284 550 Herculem
296 511 344 564 poni
359 511 419 550 iussit
432 512 520 564 χρυσοῖν
529 507 624 565 ῥόπαλον
632 505 707 562 ἔχοντα
718 510 785 563 Sopat.
794 510 815 549 in

73 578 170 631 Hermug.
186 580 252 619 Σιασ.
266 593 286 633 p.
297 582 339 619 843
355 593 383 632 sq.
414 580 459 619 Vol.
469 580 506 618 IV.
522 582 544 619 et
559 579 623 620 Schol.
636 593 655 634 p.
667 582 714 620 225.
729 574 826 619 not18.

73 662 92 700 p.
104 651 156 698 229,
169 651 186 688 6.
216 648 261 688 Vol.
272 649 320 690 VH.
351 649 380 690 Of.
393 648 442 688 Hes.
458 648 512 688 Scut.
529 652 576 689 188.
591 650 594 657 '

131 718 187 769 Ergo
201 731 237 770 pro
252 722 347 771 percepto
362 719 425 771 liquet
441 731 453 757 a
465 719 562 758 Pisandro
577 718 671 757 Herculis
685 720 763 758 clavam
773 718 815 759 lere

73 787 134 826 talem
152 786 220 826 fictam
238 800 294 837 esse,
314 788 393 841 qualem
412 789 433 826 et
452 786 531 827 Orionis
552 789 573 827 et
591 787 711 841 Periphetae
725 787 815 842 Epidau-

72 855 133 907 fficn)
151 856 214 895 fuisse
229 857 320 910 plerique
332 858 433 906 referunt,
452 869 464 895 a
479 855 593 896 Stesichoro
609 858 680 907 talem,
700 859 780 909 qualem
790 859 815 896 ,et

120 1020 150 1057 62)
163 1017 222 1053 Qualis
235 1026 272 1048 cum
284 1016 356 1049 aliorum
368 1017 406 1050 aliis
418 1018 522 1060 temporibus
539 1017 578 1061 (vid.
591 1017 649 1050 Barth.
667 1018 686 1050 in
698 1016 759 1050 Guliel.
771 1017 815 1049 Brit.

73 1074 111 1108 VII.
121 1077 160 1108 305.
174 1085 191 1117 p.
200 1074 250 1117 199),
262 1077 297 1106 tum
309 1075 350 1107 olim
361 1076 468 1108 Areithoi
482 1076 544 1107 Boeoti
555 1075 603 1108 clava
614 1075 656 1117 tuit,
669 1076 689 1107 de
702 1085 736 1117 quo
748 1077 816 1117 praeter

72 1132 165 1164 Humerum
177 1131 197 1164 ll.
206 1130 254 1164 VIH.
263 1135 278 1164 9.
288 1136 330 1164 141:
348 1131 432 1179 σιδηρείη
445 1130 510 1179 κορύνη
524 1130 614 1179 ῥήγνυσκε
623 1129 722 1177 φάλαγγας
730 1131 758 1174 (cf.
767 1131 815 1165 Cerd.

72 1189 121 1231 Virg.
134 1190 175 1221 Aen.
184 1189 206 1221 Χ,
215 1192 254 1221 319.
266 1199 283 1231 p.
292 1189 357 1231 4519)
370 1192 388 1222 et
398 1190 502 1222 Pausaniam
509 1188 559 1222 VIII.
568 1193 595 1229 11,
605 1192 624 1222 3:
635 1186 737 1234 Ἀρηϊθόου
746 1207 767 1212 -
777 1191 815 1221 Ko-

72 1244 149 1293 ρυνήτου
162 1243 193 1279 <td
206 1244 226 1279 τὸ
239 1244 298 1279 ὅπλον
311 1245 472 1292 ἐπονομασθέντος
483 1247 573 1279 memoriae
585 1246 661 1288 prodidit
673 1245 815 1289 Pherecydes

72 1302 136 1346 (Schol.
149 1303 169 1335 Il.
177 1302 227 1336 VIII.
236 1307 252 1336 8.
269 1313 286 1345 p.
295 1306 335 1345 201,
344 1307 370 1336 25.
399 1303 461 1336 Anecd.
474 1302 664 1345 Par.111.p.ro,1e.
688 1303 737 1335 Eust.
749 1312 766 1345 p.
776 1306 815 1343 661,

72 1362 101 1404 50)
113 1360 134 1393 fr.
143 1360 180 1393 LV.
191 1371 208 1402 p.
218 1363 261 1399 192,
273 1361 321 1392 cuius
333 1360 389 1393 verbis
401 1360 540 1393 reconcinnandis
552 1363 632 1403 quantum
646 1359 722 1393 conferat
733 1360 815 1392 Arseuius

72 1417 117 1450 Vicl.
134 1429 152 1459 p.
161 1420 203 1450 132:
220 1415 318 1463 Ἀρηΐθοος
336 1415 440 1455 &Batauis
454 1415 527 1465 ιλριστος
537 1420 575 1450 τῶν
587 1415 625 1450 κατ’
640 1415 696 1450 stede
708 1415 815 1463 ἀνθρώπων

74 1472 163 1518 διαβὰς
179 1475 205 1511 εἰς
215 1472 313 1519 Ἀρκαδίαν
329 1470 358 1516 (ἦν
373 1472 410 1519 γάρ
426 1473 524 1520 ἁψιμαχία
535 1486 562 1511 τις
575 1473 646 1521 δεῦρο
659 1476 697 1510 τοῖς
709 1476 815 1510 Βοιωτοῖς

71 1533 164 1568 πολίταις
176 1531 206 1564 καὶ
223 1533 261 1567 ναῖς
271 1528 345 1578 Ἀρκάσι
358 1532 400 1578 περὶ
413 1532 446 1575 γῆς
456 1528 510 1577 ὅρων)
522 1532 610 1574 πλείστην
622 1528 741 1578 κατεσύρετο
758 1532 812 1565 λείαν.

72 1586 210 1636 καταφρόνησιν
227 1587 248 1622 δὲ
260 1585 317 1621 αὐτοῦ
331 1584 415 1633 μεγάλην
427 1586 564 1635 ἐμβαλόντων
576 1587 691 1635 Ἀρκάδων
705 1590 814 1636 Λυκοῦργος

71 1665 94 1670 —
107 1643 255 1691 λόχονι.ποιησας
269 1645 332 1680 ἔπεισε
344 1648 376 1679 νοῦ
384 1643 483 1692 Ἀρηϊθόου
497 1644 530 1689 τὴν
542 1644 613 1689 πολλὴν
626 1644 715 1691 φάλαγγα
727 1645 789 1679 ἀνεῖλέ
794 1656 813 1679 τε

72 1701 128 1737 αὐτόν
140 1705 172 1736 καὶ
184 1700 284 1746 ὑπολαβὼν
296 1701 364 1739 αὐτὸς
375 1701 408 1744 τὴν
421 1703 473 1736 λειάν
485 1704 537 1736 εἴτι
549 1704 581 1737 καὶ
593 1702 639 1750 πρὸς
651 1700 724 1748 ιλμνναν
735 1713 813 1738 παντευ-

69 1763 116 1805 χίαν
132 1758 189 1807 μετὰ
206 1762 244 1801 τῆς
261 1757 342 1805 κορύνης,
365 1758 390 1793 Ἡ
405 1760 479 1805 ἱστορία
492 1757 542 1807 παρά
561 1756 656 1807 Φερεκύόη
668 1760 727 1802 paucis
738 1759 813 1793 indicare

71 1818 116 1850 licet.
140 1818 199 1861 Neque
215 1817 259 1850 enim
276 1816 345 1849 dubium
358 1819 392 1858 cst,
410 1817 451 1858 quin
463 1826 482 1848 eo
494 1816 529 1849 fere
542 1827 608 1857 errore,
621 1827 653 1858 quc
668 1820 731 1850 ποιεῖν
745 1818 762 1849 et
773 1819 813 1849 σεί-

72 1878 114 1908 θειν
131 1875 200 1907 ccnfusa
216 1885 252 1907 esse
268 1874 360 1907 docuerunt
375 1874 443 1906 Bestius
460 1873 493 1915 Ep.
507 1872 549 1907 Urit.
561 1884 578 1915 p.
587 1877 620 1906 211
634 1875 651 1906 et
662 1873 784 1906 Boissonadius
795 1874 814 1905 in

71 1933 132 1965 Mariis
148 1932 169 1966 V.
185 1932 241 1965 Procl.
258 1942 275 1974 p.
289 1936 310 1965 89
329 1932 373 1975 (add.
388 1931 445 1964 Tzstz.
460 1932 502 1975 Lyc.
514 1934 553 1964 891.
569 1942 586 1974 p.
598 1935 631 1965 919
650 1929 747 1965 ἔπεισεν,
770 1931 813 1965 Vitt.

71 1989 136 2023 Eudoc.
148 1988 272 2033 ἐποίησεν),
289 1991 306 2021 et
321 1989 367 2031 apud
382 1989 455 2022 Dionem
467 1988 526 2032 Chrys.
538 1988 589 2021 XIII.
606 1999 623 2031 p.
636 1992 680 2033 429,
696 1993 718 2022 40
735 1985 829 2024 πτύειν,

71 2048 123 2080 cessit
135 2048 187 2080 uerbo
199 2050 269 2080 ποεῖν
281 2045 374 2090 (Meerm),
389 2046 473 2080 ἔπεισε
481 2046 545 2079 lactum
552 2047 580 2089 sit,
595 2046 639 2090 quod
646 2046 702 2080 luerat
710 2044 813 2089 ἐνενόησε

72 2105 164 2138 Schwebel.
180 2105 199 2136 in
216 2104 337 2137 Onossndr.1.
354 2114 371 2145 p.
384 2107 405 2137 19
419 2114 443 2146 sq.
468 2104 529 2136 Matth.
544 2104 563 2136 in
578 2103 637 2136 Iounn.
654 2104 712 2147 chrys.
728 2104 778 2137 Hom.
790 2104 814 2137 Π.

71 2173 88 2205 p.
98 2166 137 2194 121.
148 2164 226 2194 nct170
239 2163 255 2193 et
267 2172 284 2204 p.
294 2165 320 2193 68.
331 2163 366 2193 not.
375 2164 390 2193 5.
414 2161 510 2203 Repudiare
522 2161 585 2203 igitur,
600 2161 645 2203 quod
653 2160 741 2194 Cramerus
749 2161 812 2195 Aneed.

70 2220 82 2252 l.
92 2220 107 2252 d.
120 2218 218 2262 proposuit:
236 2217 327 2258 ἔσεισε,
339 2218 388 2250 nobis
401 2219 456 2250 visum
468 2221 493 2251 est
504 2219 581 2261 quamvis
593 2218 685 2253 recordatis
695 2218 738 2252 illud
750 2217 813 2263 ψυχὴν

72 2279 157 2310 σείεσθαι
169 2278 200 2310 καὶ
213 2276 331 2316 κλονεῖσθαι,
344 2275 364 2307 de
376 2285 409 2317 quo
422 2276 559 2309 commemoravit
569 2276 663 2319 Mangeyus
671 2276 690 2308 in
697 2275 766 2312 Philon.
774 2276 813 2310 Vel.

71 2334 92 2367 V.
104 2345 121 2376 p.
131 2338 169 2367 121.
183 2337 216 2367 200
233 2332 287 2366 Pfeiff.
310 2332 376 2365 Deinde
394 2334 451 2374 ipsum
463 2330 538 2375 λαβών
554 2333 622 2378 signum
633 2336 690 2365 manet
702 2334 784 2376 discerpti
794 2334 813 2366 in

71 2392 116 2424 hunc
127 2391 204 2425 modum:
218 2391 253 2425 ἔτι
266 2391 307 2424 καὶ
320 2390 467 2433 (schelmas).
483 2391 504 2423 εἴ
515 2403 536 2423 τι
548 2391 589 2424 καὶ
601 2390 674 2434 (Arsen.)
683 2391 731 2424 verbi
745 2384 813 2436 ἔτυχε

72 2448 106 2491 (vel
114 2446 247 2493 ηὗτύχει,σ1
256 2448 301 2491 apud
309 2447 409 2490 Euripidem
418 2447 446 2480 Or.
456 2451 509 2482 1210:
518 2445 644 2494 εὐτυχήσομεν
650 2445 736 2483 κάλλισθ’
743 2446 814 2486 ἑλόντες

71 2502 156 2551 σκύμνον
173 2505 252 2541 ἀνοσίου
270 2503 341 2553 καιρός
357 2508 374 2538 et
390 2505 428 2548 Ipn.
441 2505 460 2539 Τ.
470 2509 513 2540 329:
531 2503 593 2543 οὐδεὶς
606 2504 628 2539 sd
640 2508 671 2549 τῆς
683 2509 729 2541 θεοῦ
742 2503 811 2553 θύματ’

71 2560 146 2608 ηὐνίγει
156 2560 236 2608 Ιἒαλιύν);
248 2564 281 2596 hoc
294 2564 339 2597 enim
350 2563 455 2607 Pherecydes
463 2565 560 2597 narraverat
567 2564 648 2608 Lycurgo
656 2575 694 2597 cum
702 2564 740 2607 ipsa
748 2563 812 2607 praeda

72 2618 141 2667 (αὐτῇ
153 2624 174 2668 τῇ
188 2622 227 2665 λείᾳ
240 2621 260 2655 ef.
270 2622 324 2655 Walz.
338 2621 401 2656 Theon.
414 2622 465 2664 Prog.
475 2625 501 2655 12.
514 2633 532 2664 p.
542 2623 582 2666 250)
597 2621 662 2655 clavam
673 2622 722 2655 illam
733 2621 813 2654 Areithoi
869 2620 871 2626 ’

71 2679 148 2712 cessisse:
167 2676 266 2722 ὑπολαβών
277 2677 335 2726 αὐτῇ
348 2682 375 2726 τῇ
391 2680 443 2722 λείη
455 2679 527 2724 κὲιυχε
544 2677 592 2727 ιιρὸς
609 2677 683 2726 ἄμυναν
700 2682 812 2723 παντευχίαν

71 2735 119 2787 μετὰ
133 2739 163 2781 τῆς
175 2734 258 2784 κορύνης.
281 2735 353 2770 Insidias
366 2739 423 2770 autem
434 2737 524 2780 Lycurgus
540 2740 625 2771 struxerat
636 2737 719 2771 Areithoc
737 2746 812 2780 στρατο-
