1780 2936
401 90 457 132 Caput
469 88 517 123 VIH.
800 78 840 116 151

97 199 118 237 in
131 198 224 252 Palaeph.
237 201 268 239 37.
282 214 301 252 p.
313 201 346 238 47.
376 197 469 249 Begerus
485 195 544 235 Thes.
559 194 671 235 Brundll.
683 197 731 234 279.
748 197 803 242 112,
822 194 842 234 in

98 268 158 306 meris
178 268 238 319 nugis
257 268 371 307 numeravit
390 266 487 319 Neapolis
508 265 530 305 in
548 263 607 304 Ouid.
623 264 678 304 Fast.
693 264 708 303 Ι.
720 265 768 304 575.
783 277 801 316 p.
813 264 841 303 56

96 336 129 376 ille
144 337 224 387 quidem
237 350 277 376 non
293 337 330 376 hoc
347 338 468 387 assequutus
484 334 510 374 ad
522 333 645 385 vulgandam
659 346 703 373 eam
716 333 790 373 famam
805 333 840 372 ali-

97 419 136 457 quo
149 406 208 445 modo
223 406 311 445 valuisse
327 407 348 444 et
362 417 406 444 eam
421 417 475 452 rem,
496 402 549 456 quod
564 400 658 442 Herculis
673 405 756 443 truncus
772 397 807 455 ἕμτ
816 416 841 456 η-

96 489 147 528 τρος
162 475 224 515 luisse
241 475 357 514 crederetur
364 472 391 523 ⁵⁶)
406 475 428 512 et
438 473 492 524 quod
503 472 580 512 Plinius
591 471 654 511 refert
664 471 688 511 N.
699 471 724 512 H.
735 471 794 512 XVI.
806 474 840 523 43,

98 546 130 583 84.
146 558 163 596 p.
176 546 214 583 60:
234 544 283 593 „his
299 546 368 581 autem
382 542 445 588 maior
460 543 485 581 ad
500 541 616 581 firmitatem
630 553 692 580 causa
707 541 840 595 tempestivae

97 625 203 662 caesurae,
223 625 282 664 quam
302 611 431 658 immaturae,
452 611 526 664 quippe
546 624 608 662 quum
623 623 650 649 ex
665 611 720 659 olea,
734 610 840 650 durissimo

97 682 162 733 ligno,
178 680 269 721 cardines
284 681 305 720 in
315 680 391 720 foribus
402 679 478 720 diutius
487 680 557 719 inmoti
570 679 680 732 plantae
696 678 767 718 modo
783 691 841 731 ger-

96 750 274 790 minaverint“
298 750 358 802 atque
384 749 493 801 Virgilius,
519 761 578 802 quem
604 748 671 788 attulit
691 746 767 788 Galeris
787 748 800 787 l.
816 748 841 797 d,

98 819 172 872 Georg.
183 818 210 859 Π,
222 822 260 859 3οι
275 818 347 869 „Quin
362 820 382 858 et
397 818 512 858 caudicibus
528 818 588 857 sectis
604 841 633 846 —
647 817 738 857 mirabile
748 816 803 856 dictu
815 840 840 846 —-

98 888 195 928 Truditur
210 902 221 928 e
239 888 289 928 sicco
305 888 364 927 radix
378 887 470 939 oleagina
480 888 552 939 ligno“
567 887 589 926 cf.
601 885 659 926 Oerd.
671 901 691 940 p.
702 889 749 926 291.
771 885 842 925 Duris-

98 958 169 997 simum
184 958 247 1009 igitur
260 957 337 1009 lignum
351 957 414 996 fuisse
428 956 504 996 Plinius
519 958 539 995 et
553 957 591 996 hoc
605 956 649 995 loco
664 955 726 995 tradit
745 957 766 994 et
781 967 796 994 c.
807 957 842 1004 40,

38 1052 41 1057 .
98 1029 130 1066 76.
144 1040 163 1079 p.
176 1027 211 1066 54:
233 1024 358 1076 „Omnibus
378 1038 429 1078 quae
444 1026 543 1075 diximus.
564 1026 630 1078 spissa
643 1023 732 1064 firmitas.
762 1023 795 1064 Ab
809 1024 841 1064 his

96 1096 188 1148 proxima
203 1097 235 1134 est
250 1108 322 1135 cornus
340 1118 366 1123 -
381 1095 423 1134 ilex
437 1095 486 1134 item
499 1097 520 1134 et
536 1095 657 1134 oleaster
671 1096 692 1133 et
706 1094 765 1133 olea
779 1094 841 1147 atque

96 1166 206 1204 oastanea“
226 1166 256 1212 et,
275 1164 306 1203 cui
325 1165 399 1203 certam
414 1163 454 1203 ianr
468 1163 560 1203 videmur
574 1175 635 1216 posse
650 1162 716 1201 lucem
731 1161 840 1212 effundere,

99 1231 223 1273 eunrrvs
239 1232 289 1285 eyn.
304 1235 355 1272 ατ,

140 1436 169 1479 56)
182 1436 222 1468 Vid
231 1434 287 1468 Schol.
300 1435 370 1468 Theoer.
383 1435 499 1477 etAntiphan.
511 1435 529 1467 l..
543 1436 578 1466 not.
587 1432 642 1474 ted,
655 1443 726 1475 quorum
739 1435 775 1467 hic:
785 1432 808 1467 ”E
812 1447 838 1479 μ-

94 1504 185 1539 μητρον
202 1490 226 1526 ἂν
244 1489 285 1539 {ivd
305 1490 372 1533 ξύλον,
391 1488 474 1534 βλάστην
485 1491 527 1535 ἔχει,
552 1490 601 1524 Unde
613 1501 648 1523 non
662 1490 721 1524 dubito
733 1491 838 1524 Diodoro

95 1550 171 1583 Siculo
183 1549 239 1584 XVII.
251 1560 268 1591 p.
278 1552 317 1590 237,
327 1552 358 1581 10:
374 1546 444 1593 γυμνὸς
457 1548 616 1593 ύτταληλιμμένος,
634 1547 682 1591 ἔχων
694 1548 768 1582 πῖλον
781 1545 840 1595 σύμ-

94 1617 182 1654 μετρον
194 1625 216 1630 -
229 1604 261 1639 διὰ
277 1604 311 1648 τὴν
328 1607 370 1652 περὶ
381 1604 402 1639 τὸ
415 1604 521 1649 ῥόπαλον
537 1602 620 1648 ἰδιότητα
633 1604 666 1647 τὴν
678 1603 772 1651 ττρόςοψνν
783 1603 839 1652 Ἡρα-

95 1662 192 1706 arconate
210 1662 259 1707 εἶχεν
278 1673 308 1705 pro
328 1660 461 1710 σύμμετρον
480 1664 569 1696 restituere
585 1660 719 1709 σύμμητρον
736 1663 764 1696 vel
780 1664 838 1705 potius

43 1753 45 1757 ,
96 1720 220 1767 ἔμμητρον
231 1720 273 1753 illud
287 1720 353 1763 quidem
366 1723 383 1753 et
395 1721 416 1753 ab
429 1718 524 1768 εὔμετρον
538 1720 596 1762 (Dorv.
605 1720 654 1753 Ghnr.
667 1731 685 1764 p.
694 1724 733 1754 551.
751 1721 838 1765 Wyttenb.

94 1779 127 1821 Ep.
140 1778 180 1811 crit.
198 1789 214 1821 p.
224 1777 264 1820 232)
278 1780 294 1810 et
306 1788 316 1810 a
328 1774 446 1824 σύμμετρον
458 1777 518 1821 (Theb.
529 1777 590 1811 Parad,
603 1789 620 1821 p.
629 1777 671 1820 458}
683 1779 731 1811 tenui
742 1778 839 1813 discrimine

70 1877 72 1880 ‚
95 1836 198 1876 seiunctum,
216 1836 364 1877 atterentem,
383 1835 428 1877 quod
440 1835 581 1868 Hemsterhusius
592 1835 752 1879 Wesselingiusqne
764 1833 839 1882 ῥόπα-

95 1894 137 1927 λον
153 1892 191 1926 fieri
206 1893 293 1926 iusserunt
308 1890 366 1936 (quam
382 1893 450 1935 quidem
461 1904 519 1926 vocem
532 1893 550 1926 in
563 1892 621 1927 eodem
633 1893 670 1926 loco
683 1894 759 1927 videmus
770 1905 838 1928 manere

94 1950 229 1993 incorruptam),
246 1951 305 1983 nescio
322 1961 344 1983 an
361 1950 415 1983 tutius
432 1951 454 1983 sit
464 1951 531 1983 extendi
543 1950 562 1983 in
573 1949 724 1996 ύμριὲλατον,
745 1962 777 1995 quo
790 1952 840 1985 etiarn

96 2008 148 2051 Gospi
159 2008 288 2049 interpretatio:
305 2010 370 2040 serto
385 2007 445 2040 duecte
454 2008 530 2048 videtum
542 2019 614 2052 numque
626 2008 723 2052 „Hercules
731 2020 775 2042 nnnc
784 2020 839 2052 popu-

79 2076 80 2081 *
94 2066 129 2099 lum
141 2065 196 2107 capite
209 2064 291 2107 praefert,
309 2075 353 2097 nnuc
366 2065 507 2098 oleastrnm“
520 2066 590 2099 Tertull.
603 2066 641 2099 Cor.
653 2066 689 2099 Mil.
699 2070 714 2100 7.
740 2065 805 2099 Gallim.
818 2067 839 2100 fr.

94 2127 133 2156 414.
148 2132 165 2164 p.
174 2125 212 2154 301.
235 2121 313 2154 Paschal.
325 2122 386 2155 Geron.
395 2122 426 2156 VI.
436 2127 462 2156 18.
475 2134 491 2166 p.
500 2127 534 2156 401
543 2133 568 2166 sq.
587 2123 618 2156 IV.
628 2127 643 2157 2.
656 2134 673 2165 p.
681 2127 719 2157 205.
739 2124 839 2166 Neomegis

95 2180 153 2213 dubito
169 2180 203 2212 hoo
219 2179 300 2213 affirmare
312 2180 347 2213 iam
359 2180 400 2213 olim
413 2180 457 2213 illud
468 2180 567 2214 vocabulum
580 2183 637 2215 tantae
649 2181 705 2214 fraudi
716 2181 769 2215 fuisse
781 2192 838 2225 gram-

94 2237 160 2271 maticis
173 2236 245 2270 Senot,
257 2238 372 2280 Aristoph.
390 2237 436 2272 Plnt.
446 2242 484 2272 586.
497 2249 514 2280 p.
524 2242 568 2281 356,
581 2242 601 2272 22
616 2241 632 2272 et
647 2239 735 2272 §uiuri
745 2244 760 2272 1.
773 2250 790 2282 p.
799 2244 839 2283 361,

95 2299 125 2337 18,
137 2297 184 2327 utet
197 2294 252 2327 alieno
264 2295 302 2328 loco
314 2295 396 2328 adderent
408 2297 442 2333 εἰς
454 2294 495 2329 τού
500 2307 509 2332 ς
522 2294 627 2342 στεφύνο
635 2308 658 2333 ας
675 2294 750 2341 (ἀφίησί
766 2307 784 2329 τε
796 2294 839 2335 τοὺς

94 2349 187 2399 πτόρθους
199 2349 261 2400 ὥσπερ
273 2352 282 2395 η
295 2351 371 2400 μύρτοςη
386 2355 411 2390 εἰς
422 2351 465 2390 τούς
476 2350 578 2399 στεφάνους
590 2354 756 2400 συμμέτρους)
769 2356 786 2387 et
794 2366 839 2388 com-

94 2410 223 2443 miniscerentur
242 2407 333 2456 καρττόν
348 2407 393 2453 (ἀπὸ
412 2408 477 2453 ταύτης
493 2408 555 2454 λαβὼν
572 2409 663 2456 καρπόν),
680 2412 723 2454 quod
740 2422 775 2444 non
794 2415 841 2446 extat

94 2468 140 2511 apud
153 2467 302 2501 Aristotelem
313 2468 352 2501 Mir.
364 2469 414 2502 Auso.
427 2467 467 2500 LH.
483 2480 500 2511 p.
510 2472 552 2501 103:
571 2466 640 2514 ἀφίησί
653 2480 672 2502 τε
687 2468 729 2506 τοὺς
741 2468 839 2516 πτόρθους

95 2523 156 2571 ὥσπερ
173 2522 183 2565 ἡ
199 2522 267 2571 μύρτος
284 2527 310 2562 εἰς
324 2522 365 2562 τοὺς
382 2523 483 2570 στεφάνους
500 2527 614 2573 συμμέτρτας7
632 2524 669 2559 ἀπὸ
680 2524 746 2570 ταύτης
758 2527 784 2561 δὲ
798 2527 838 2571 (om.

95 2581 151 2616 Schol.
166 2581 177 2614 1λ
187 2581 209 2625 d.)
225 2580 284 2627 φατον
297 2580 359 2626 λαβὼν
377 2581 386 2615 ὁ
407 2581 496 2630 Ἡρακλῆς
508 2580 610 2629 ἐφύτευσεν.
630 2585 655 2616 Et
667 2585 718 2619 huius
727 2586 794 2629 quidem
805 2585 839 2619 loci

94 2640 177 2683 pristinus
190 2642 243 2672 status
254 2640 306 2673 fuisse
317 2640 384 2672 videtur
390 2640 427 2672 hic:
443 2640 567 2688 ἔμμητρον
579 2638 617 2675 ἀπὸ
626 2639 692 2686 ταύτης
701 2641 761 2689 φυτὸν
769 2639 836 2687 λαβών.

95 2698 174 2731 Ceterum
190 2695 307 2744 ἔμμητρος
324 2697 374 2730 unius
389 2698 504 2741 Theophrasti
519 2699 621 2741 interposita
633 2702 734 2735 auctoritate
746 2703 765 2734 in
777 2700 835 2743 Steph.

96 2756 145 2790 Thes.
153 2755 186 2789 ΠΙ.
198 2766 215 2799 p.
224 2754 280 2789 8430
291 2755 310 2787 in
322 2755 397 2788 ordinem
409 2758 495 2800 receptum
507 2758 535 2789 est.
