1780 2885
105 85 131 122 22
387 94 388 97 ’
436 94 491 137 Caput
503 94 517 128 Ι.

103 199 158 249 (vel,
179 200 203 238 ut
222 199 276 251 apud
293 192 388 239 Nomium
404 200 416 239 l.
427 200 445 238 d.
465 202 507 250 est,
527 199 653 252 excalceare)
673 203 694 240 et
713 201 741 241 ita
756 201 777 240 in
790 199 846 238 mare

103 268 265 321 praecipitabat“
282 267 372 321 (Hygia
392 268 430 308 fab.
441 271 474 309 38.
504 269 646 323 Mythograph.
666 270 686 309 ll.
701 270 733 311 dd.
755 272 777 310 et
796 282 847 322 quos

105 350 167 389 supra
181 337 285 377 attulimus
300 338 350 378 conf.
362 336 457 389 Salvagn.
471 339 496 378 in
511 337 570 380 Ovid.
585 339 614 379 lb.
625 342 673 378 409.
687 353 707 392 p.
718 340 787 390 101.)‚
802 351 847 378 τια-

105 402 216 462 λικαμττὴς
235 408 302 447 dictus
321 407 385 447 fuerit.
415 406 478 460 Cujus
498 408 578 460 quidem
596 409 649 460 quod
663 407 799 447 contestatum
815 407 847 457 sit,

105 487 217 526 cognomen
231 478 288 516 extat
304 476 382 516 omnino
397 476 479 517 nullum.
509 476 588 516 Deinde
603 490 648 517 cum
659 476 718 530 Tityo
729 490 766 529 per
774 489 848 516 novem

103 543 177 595 jugera
195 546 286 598 porrecto
306 546 342 585 aut
362 558 407 585 cum
425 544 464 585 isto
481 544 627 595 Ohaeremcue,
647 547 681 598 qni
695 546 739 599 ipse
755 545 847 598 supinato

106 625 190 666 corpore
204 614 293 667 jacuisse
313 626 325 653 a
345 613 429 654 Lucillic
447 614 551 665 scribitur,
571 628 609 667 quo
628 615 710 655 tandem
726 615 786 667 pacto
804 614 849 654 fieri

106 682 183 734 potuit,
201 685 225 723 ut
244 685 397 736 componeretur
412 682 481 724 Sciron
495 697 508 724 a
522 683 600 724 Theseo
615 684 635 724 in
650 696 706 723 mare
722 684 811 736 dejectus
827 686 848 724 et

107 763 120 789 a
134 751 237 791 testudine
252 753 349 805 exceptus
364 754 534 806 consumptusque
548 754 593 803 aut,
610 752 626 793 si
638 751 730 792 Ovidium
740 752 789 792 Met.
799 751 847 793 VH.

106 821 155 858 444.
184 820 351 873 Lactantinmqne
374 820 433 861 Narr.
456 820 567 862 111111,
584 824 617 861 24,
643 835 661 874 p.
677 823 725 861 8¹41.
751 820 848 873 sequeris,

106 900 190 940 sparsus
205 891 226 929 et
240 890 334 929 fiuctibus
349 890 449 942 agitatus,
470 891 533 930 donec
545 903 591 931 ossa
605 890 692 944 scopulis
702 890 848 931 inhaesissent?

105 956 200 1008 Accedit,
220 953 273 1011 quod
296 972 354 999 nemo
375 972 428 999 nnus
447 959 535 1013 prodidit
547 958 666 999 Isthmicum
679 958 736 999 illum
750 959 848 999 latronem

107 1025 205 1077 singulari
220 1027 306 1080 quadam
321 1029 409 1081 corporis
423 1027 562 1080 magnitudine
572 1027 673 1080 insignem
683 1027 745 1067 fuisse
756 1027 848 1079 dignum-

107 1108 157 1146 que,
176 1096 209 1147 qui
227 1096 248 1136 in
264 1096 318 1149 Tityi
336 1097 505 1150 comparationem
520 1097 640 1136 eveheretur
645 1112 650 1145 ;
670 1108 717 1136 nam
730 1109 756 1136 ne
771 1108 784 1136 a
798 1094 848 1136 Gre-

106 1163 162 1215 gorio
172 1164 300 1204 Nazianzeno
311 1165 391 1217 quidem
402 1165 466 1206 Germ.
477 1164 490 1206 J
491 1166 541 1205 amb.
553 1167 585 1216 16,
598 1168 630 1206 13.
645 1179 664 1219 p.
675 1167 723 1205 203.
735 1164 764 1205 D:
785 1160 848 1206 Σκεί-

106 1247 148 1288 ρων
161 1228 196 1282 τίς
210 1226 271 1282 οὗτος
290 1231 303 1290 ἢ
321 1231 422 1290 Τυφωεὺς
441 1231 454 1291 ἢ
472 1230 534 1289 γίγας
544 1231 606 1274 ‘Hae
621 1232 725 1287 τυραννῶν
738 1229 847 1289 νεοτὲροος

105 1298 186 1354 τύμβον
201 1299 281 1355 τ’ἐμοῆα
295 1304 316 1342 in
331 1315 376 1342 eam
390 1304 468 1357 partem
484 1303 583 1356 spectari,
598 1303 633 1343 sed
645 1304 729 1342 rentum
744 1301 846 1343 Scironem

105 1371 127 1409 et
135 1371 236 1410 turbinem
245 1372 362 1426 Typhoeum
375 1373 413 1411 dici
423 1373 444 1411 et
453 1364 498 1425 ipsa
508 1385 541 1412 res
556 1372 615 1412 docet
625 1373 645 1411 et
654 1371 760 1425 perspexit
770 1370 845 1412 Hasius

106 1439 126 1477 in
142 1438 210 1492 Steph.
226 1440 285 1481 Thes.
295 1441 343 1482 VH.
358 1455 376 1494 p.
388 1443 450 1481 2625.
464 1441 483 1481 Α
498 1444 543 1492 (nou
559 1441 608 1480 item
623 1454 641 1493 p.
653 1440 743 1490 33111).
776 1440 846 1486 Quare

105 1521 145 1547 non
159 1510 237 1560 dubito,
259 1510 306 1563 quin
324 1524 373 1550 vere
388 1511 409 1550 in
422 1509 561 1550 Lexidiislll.
578 1524 596 1563 p.
609 1512 635 1549 10
650 1509 790 1549 affirmaverim
803 1508 846 1548 An-

105 1579 173 1617 taeum
184 1579 235 1618 illud
249 1593 359 1632 cognomen
370 1579 473 1619 meruisse.
497 1579 539 1624 oui
547 1591 571 1618 ea
580 1579 712 1632 palaestricae
722 1579 771 1617 artis
782 1579 846 1618 certa-

105 1647 165 1696 mina,
174 1661 225 1700 quae
234 1649 256 1688 in
265 1651 320 1688 lena
329 1651 478 1699 exercerentur,
486 1649 550 1688 fertur
561 1648 611 1688 adeo
621 1648 721 1697 calluisse,
729 1650 752 1687 ut
762 1647 845 1687 Terram

105 1719 189 1756 matrem
200 1719 323 1771 eandemque
333 1718 518 1771 praesentissimam
528 1717 646 1769 adjutricem
651 1716 746 1756 habuisse
753 1716 845 1755 credere-

105 1788 144 1826 tur.
175 1787 241 1832 Quam
256 1801 299 1826 rem
313 1787 396 1827 Eusebii
410 1787 536 1839 potissimum
545 1786 605 1825 allato
615 1785 735 1835 testimonio,
751 1785 803 1838 quod
813 1787 846 1824 est

105 1854 176 1896 Chron.
186 1855 259 1897 Canon.
270 1859 343 1910 paor.
360 1855 447 1909 Syncell.
453 1869 472 1908 p.
479 1854 556 1895 163.Α,
571 1854 647 1894 Anecd.
654 1853 711 1893 Paris
717 1853 745 1893 Π.
753 1846 801 1902 384,
808 1856 844 1894 24:

104 1920 141 1964 τὸν
154 1921 264 1978 λεγόμενον
279 1925 352 1981 γηγενῆ
368 1921 404 1965 διὰ
419 1921 444 1964 τὸ
460 1920 593 1979 ἐπιστήμονα
607 1915 662 1963 εἶναι
676 1925 719 1963 τῶν
729 1918 845 1977 λεγομένων

105 1990 166 2048 παρὰ
185 1994 232 2044 τοῖς
250 1992 383 2043 παλαισταῖς
403 1987 490 2048 τρόπων
503 1988 582 2045 χαμαὶ,
603 1987 632 2040 ὡς
646 1986 692 2033 ἀπὸ
705 1987 786 2047 μητρὸς
799 1990 845 2046 Γῆς

104 2062 241 2117 βοηθεῖσθαι
265 2062 344 2115 δοκεῖν,
368 2063 460 2116 pluribus
487 2062 597 2102 docuerunt
617 2061 708 2113 Scaliger
731 2052 844 2100 in‘Enseb.

104 2146 122 2185 p.
134 2134 161 2172 48
182 2135 202 2172 et
217 2132 327 2173 Salmasius
341 2132 390 2172 Plin.
405 2132 503 2172 Exercitt.
521 2145 540 2184 p.
553 2132 601 2171 205.
615 2143 632 2170 a.
642 2130 667 2170 D.
682 2130 701 2170 b.
711 2129 746 2179 B„
764 2129 845 2182 paucio-

103 2202 158 2242 ribus
173 2201 253 2242 Oortius
267 2203 288 2241 in
302 2202 377 2242 Lucan.
387 2201 424 2241 IV.
436 2203 483 2241 598.
496 2215 515 2253 p.
526 2203 574 2241 522.
604 2199 617 2239 J
618 2199 709 2239 acobsins
722 2200 743 2239 in
753 2198 844 2238 Philostr.

103 2271 182 2324 Imagg.
193 2271 220 2311 Π.
232 2274 249 2311 o.
266 2285 284 2324 p.
296 2274 343 2312 435.
368 2270 473 2311 Dissenius
486 2270 507 2309 iu
516 2269 572 2309 Pind.
582 2269 653 2308 lsthm>
664 2267 704 2309 ΙΠ.
720 2271 752 2308 79.
766 2281 785 2320 p.
796 2268 844 2308 557.

103 2341 152 2380 conf.
172 2340 266 2393 Salvagn.
283 2341 304 2381 in
323 2340 380 2381 Ouid.
398 2339 427 2380 lb.
439 2341 486 2380 395.
505 2352 523 2393 p.
536 2341 574 2388 97,
599 2337 639 2391 ipsi
657 2337 796 2378 confirmamus
812 2336 843 2387 iis,

104 2423 155 2462 quae
180 2411 234 2464 apud
252 2409 383 2450 Eustathium
399 2409 420 2449 in
440 2408 498 2449 Hom.
515 2406 600 2447 0Xm.
612 2407 660 2447 575.
679 2420 699 2459 p.
710 2408 777 2455 1'l00,
793 2408 804 2445 2
824 2407 845 2445 et

102 2479 212 2520 Eudociam
225 2480 279 2520 Viol.
294 2494 312 2532 p.
325 2482 351 2519 17
366 2480 472 2532 leguntur:
490 2476 586 2525 Ἀνταῖος
600 2470 646 2525 οἷὸς
660 2468 773 2529 ε’μνθεύθη
788 2476 808 2515 Γ
809 2487 844 2529 ης

103 2546 185 2597 ἐκεῖνος
201 2546 273 2600 μέντοι
294 2545 331 2588 καὶ
351 2543 381 2596 ὡς
395 2542 528 2587 αατανολίιον
544 2538 669 2597 superaddas
684 2540 734 2591 τοὺς
748 2540 844 2583 α’ντιττα-

102 2614 193 2666 λαιστας
206 2618 237 2673 τῷ
251 2616 322 2659 δοκεῖν
336 2612 483 2656 καταπίπτειν
499 2610 530 2663 εἰς
545 2617 582 2670 γῆν
595 2614 621 2669 τῇ
634 2613 659 2669 γῇ
673 2627 697 2653 τε
706 2611 844 2665 βοηθεῖσθαι

101 2683 156 2727 κατὰ
169 2684 206 2742 τὴν
220 2681 291 2742 πάλην
305 2681 388 2738 ἐλέγετο
404 2680 440 2725 ναὶ
456 2687 477 2724 Γ
477 2698 501 2740 1,ς
516 2679 562 2732 οἷὸς
572 2676 631 2723 εἶναι.
657 2681 716 2722 Unde
726 2680 789 2733 liquet
798 2693 844 2721 cum

102 2756 151 2797 alios
166 2755 274 2806 (Passerat.
288 2755 309 2795 in
323 2754 381 2808 Prop.
391 2753 430 2794 Ill.
442 2756 476 2804 22,
487 2756 520 2793 10,
534 2766 554 2807 p.
566 2753 616 2804 534)
630 2753 674 2791 tum
688 2750 793 2791 Lucanum
805 2749 843 2791 IV.
