1780 2936
408 100 463 143 capu
475 99 516 135 vri.
789 90 830 127 133

113 209 114 212 ’
145 204 189 246 Neo
201 206 269 247 tamen
285 207 416 248 omittendum
434 207 466 246 est
485 204 585 256 Mercurio
603 216 681 257 quoque
695 202 734 255 ipsi
750 203 832 254 gratam

88 275 157 316 sedem
175 275 238 316 fuisse
257 278 327 317 urbem
342 278 429 325 Pheras3
449 277 478 316 sic
498 275 552 314 enim
572 275 604 313 est
617 273 671 327 apud
686 272 831 314 Callimachum

87 344 157 397 fragm.
169 343 255 385 CXVII.
275 360 294 399 p.
305 348 358 386 2352
379 340 462 399 Ἑρμᾶς
482 341 537 399 ὅπερ
554 342 672 397 Φεραῖος
690 337 756 382 alvia
769 338 829 391 θεὸς,

85 407 152 467 'Eppia‘
175 413 206 455 rai
220 409 339 470 φυγοίχμο,
368 415 401 467 qui
422 414 492 468 quaeri
508 413 550 453 iam
568 412 636 465 potest
655 424 681 450 an
699 411 730 450 his
752 411 830 450 uerbis:

87 478 140 535 ἐμμὶ
159 484 190 523 τῶ
209 478 351 539 φογοίχμο
370 483 471 534 significet
489 484 539 522 deae
556 480 666 521 venatricis
687 484 842 537 amatorem

87 551 152 602 (Seru.
168 553 190 591 in
204 551 262 603 Virg.
276 552 326 590 Aen.
342 551 378 591 IV.
390 553 438 591 577.
457 565 475 604 p.
487 552 539 600 362)
558 549 617 589 minis
637 550 658 588 et
673 549 749 601 spiculo
764 549 829 589 deter-

86 621 148 660 ritum
166 620 235 659 fuisse.
266 618 362 661 Ceterum
389 622 497 672 postquam
520 618 633 659 sententiae
656 617 769 669 integritati
793 618 831 659 hac

88 689 187 729 scribendi
207 688 295 729 ratione:
319 689 437 740 „Herouric
454 712 478 717 —
493 689 557 728 fertur
571 709 596 717 -
610 690 663 727 tam
678 687 829 740 placuisse“

87 758 173 797 anobis
194 758 307 797 consultum
326 760 367 808 est,
385 772 426 803 non
445 759 549 798 defuturos
571 770 617 796 esse
636 756 733 806 arbitror,
757 756 829 808 quibus

86 826 198 867 Burmanni
217 827 322 867 inventum
342 828 383 867 iam
402 828 451 868 satis
468 828 549 881 placeat
568 815 619 865 illud
639 825 718 879 quidem
739 824 829 865 aLach-

86 909 158 936 manno
178 910 197 949 p.
209 897 250 935 105
269 896 294 936 de
312 897 425 946 levissima,
444 899 468 937 ut
485 897 526 936 iam
540 896 625 945 dilucet,
644 907 716 935 caussa
731 893 830 946 improba-

86 968 140 1006 tum:
160 965 297 1019 „particulam
312 967 347 1016 el,
362 965 437 1017 inquit,
453 966 470 1005 si
485 966 557 1005 abesse
573 978 614 1005 non
627 977 689 1017 posse
704 963 830 1003 meminisset

84 1035 223 1085 Burmannus,
249 1035 312 1074 nollet
332 1036 467 1075 coniectasse:
489 1033 619 1084 „Ossaeis
638 1034 672 1073 vel
690 1031 829 1073 Ossaeae.“

84 1103 163 1143 Horum
182 1105 258 1154 autem,
278 1117 329 1156 quae
349 1104 433 1157 protulit
451 1104 589 1154 Burmannus
612 1104 681 1143 utrum
695 1102 721 1142 sit
735 1103 827 1155 praesta-

84 1173 154 1225 bilius,
170 1173 268 1225 exemplis
284 1173 332 1213 licet
345 1173 483 1213 demonstrare
499 1172 559 1213 Statii
573 1172 620 1212 Silv.
631 1172 668 1213 IV.
680 1175 699 1222 6,
711 1173 748 1211 18;
764 1170 828 1221 „Nox

85 1244 106 1281 et
119 1242 281 1294 Erythraeis
296 1242 418 1282 Thetidis
435 1242 534 1295 signanda
548 1242 642 1294 lapillis“,
662 1240 752 1281 Senecae
767 1238 827 1280 Hero.

85 1310 130 1350 Oet.
146 1312 213 1350 1204:
236 1310 331 1360 „lbera
346 1335 374 1340 -
388 1312 448 1352 tirrba
463 1311 550 1365 pastoris
565 1311 619 1350 feri“
634 1313 655 1351 et
667 1310 703 1362 iis,
719 1321 826 1362 1111111-

85 1380 186 1432 gessimus
201 1380 261 1432 Valg.
276 1395 295 1434 p.
307 1383 340 1421 54.
356 1383 398 1422 238
413 1382 461 1421 add:
472 1379 552 1422 Geram.
568 1378 626 1421 Obss.
640 1379 662 1420 in
674 1379 754 1420 Pindar.
769 1392 788 1432 p.
800 1381 826 1418 21

84 1447 154 1502 Progr.
170 1449 258 1489 Merseb.
274 1451 335 1490 1851.

444 1560 467 1609 2.

142 1656 219 1696 Verum
234 1656 322 1696 nondum
337 1655 355 1694 is
369 1656 425 1695 locus
440 1655 490 1696 satis
500 1654 613 1708 explicatus
624 1657 655 1696 est
665 1657 701 1696 aut
710 1657 828 1710 perpolitus.

84 1727 112 1767 Et
126 1727 213 1780 primum
228 1725 309 1778 quidem
324 1725 461 1777 quaerendum
475 1726 508 1765 est
519 1726 545 1765 de
557 1724 642 1765 Pirithoi
657 1726 753 1778 coniuge,
769 1738 829 1780 quam
871 1760 873 1762 ,

85 1809 154 1837 omnes
173 1809 213 1836 uno
233 1809 267 1835 ore
283 1794 383 1835 affirmant
397 1794 429 1834 lrie
442 1808 454 1834 a
468 1794 573 1848 Propertio
588 1801 761 1836 commemoratam
777 1809 828 1837 esse.

1 1871 4 1874 “
85 1866 152 1912 Quam
165 1864 365 1919 Hippodamiam
380 1866 454 1906 vocant
464 1863 547 1904 Homeri
562 1864 624 1905 1111.
637 1868 677 1905 742
688 1866 828 1906 auctoritatem

36 1975 38 1978 .
85 1935 165 1988 sequuti
173 1935 259 1998 plurimi,
273 1935 297 1974 ut
305 1933 405 1987 Didymus
414 1934 437 1974 Π.
448 1933 463 1974 l.
475 1937 522 1974 263.
532 1947 550 1987 p.
562 1935 612 1973 25a.
623 1936 657 1975 42.
682 1934 767 1975 Ovidius
777 1934 826 1975 Her.

84 2004 154 2045 XVII.
166 2006 214 2044 247.
228 2003 277 2044 Het.
288 2002 338 2043 XH.
350 2006 398 2044 210.
413 2006 461 2044 224.
490 2003 609 2044 Lactantius
619 2003 677 2045 Narr.
688 2004 736 2046 Hah.
746 2004 796 2045 ΧΠ.
806 2007 825 2044 4.

83 2069 162 2128 paro.
190 2070 330 2127 Philargyrius
345 2074 366 2113 in
380 2073 438 2125 Virg.
453 2071 715 2127 (1111111511331,
740 2074 826 2115 Lactan-

2 2143 5 2146 ’
84 2144 125 2184 tius
147 2143 169 2183 iu
188 2141 238 2183 Stat.
263 2142 325 2183 Theb.
339 2143 364 2183 V.
382 2145 429 2183 262.
449 2157 468 2196 p.
486 2145 533 2183 175.
568 2143 826 2198 Hythographusl.108.

84 2226 102 2266 p.
115 2215 162 2263 111,
174 2214 200 2252 32
214 2212 330 2265 adduntque
345 2212 417 2252 horum
434 2211 493 2252 alteri
507 2212 618 2253 Adrasti
632 2213 748 2274 eamkflliam
757 2214 827 2264 fuisse,

85 2284 108 2321 ut
123 2280 234 2323 Scholiasta
249 2283 270 2322 et
283 2281 403 2323 Eustathius
420 2280 587 2324 0111111211,
602 2297 621 2336 p.
633 2273 700 2332 1910,
712 2286 735 2322 6;
749 2279 827 2338 Πειρί-

84 2352 140 2399 θους
153 2346 191 2406 τὴν
203 2344 327 2407 Ἀδράστου
339 2345 499 2404 Ἱπποδάμειαν
519 2343 623 2405 ἀγόμενος
636 2351 773 2405 Hyginusque
789 2355 827 2395 33:

84 2419 257 2473 „Hippodamiam
272 2420 357 2461 Adrasti
371 2420 433 2461 filiam
439 2421 450 2442 ‘⁶
466 2421 546 2474 (qmbus
556 2434 610 2461 nunc
618 2434 658 2461 non
668 2421 748 2474 disputo
759 2424 827 2463 utrum

33 2497 35 2500 ’
84 2488 179 2529 Acasti
198 2502 282 2540 nomen,
302 2490 355 2542 quod
370 2491 477 2543 usurpavit
491 2489 638 2543 Hertnbergius
653 2491 674 2530 in
688 2490 747 2545 Prop.
762 2506 781 2545 p.
793 2496 826 2543 91,

85 2557 142 2599 reddi
155 2559 246 2611 praestet
260 2571 286 2598 au
302 2559 327 2599 dc
341 2559 441 2600 sententia
457 2559 549 2600 Barnesii
563 2561 584 2599 et
598 2559 731 2613 Wesselingii
744 2562 765 2602 in
780 2562 827 2602 Dio-

86 2629 127 2669 dor.
136 2626 173 2668 IV.
188 2642 206 2681 p.
218 2629 266 2678 315,
278 2630 304 2668 83
320 2641 344 2668 ac
352 2628 412 2669 Rodii
421 2629 443 2669 in
452 2629 554 2683 Hythogr.
570 2628 586 2668 Ι.
598 2631 645 2669 170.
660 2644 680 2684 p.
695 2631 825 2671 15511111-

86 2698 124 2738 cis
140 2697 188 2739 coni.
202 2695 275 2737 Eleotl.
291 2697 402 2738 eLaotant.
414 2698 475 2740 Theb.
487 2699 561 2741 Gomm.
576 2712 595 2752 p.
607 2700 649 2752 24),
665 2699 723 2740 alteri
735 2700 827 2750 Butae,

87 2768 110 2807 11
124 2767 225 2809 Diodorus
239 2767 252 2808 l.
262 2767 291 2809 d:
306 2761 464 2822 Ἱπποδάμειαν
477 2765 515 2825 τὴν
531 2764 615 2810 Βούτου
634 2769 697 2822 (codd.
712 2764 826 2823 Bdoaoc,
