1780 2885
55 88 97 126 138
376 100 431 143 Caput
439 100 465 133 IX

202 200 285 258 κάπρου
301 204 319 245 δ’
334 199 611 259 ἄμφετίπ-ἀξαεγένυν,

28 306 36 312 .,
55 285 105 324 qliae
121 273 183 312 uerba
199 287 259 313 senus
274 275 419 326 interpretatus
433 278 465 314 est
474 275 577 314 leoobsius
588 275 631 315 Del.
642 274 710 327 Epigr.
727 288 745 327 p,
757 278 793 315 31:

54 342 90 394 τῷ.
101 338 189 395 ῥοπάλῳ
199 356 225 381 so.
241 343 297 382 lutra
309 346 359 383 100:
379 337 472 395 nominor,
489 337 502 382 ii
517 338 589 396 πάρος
606 338 719 395 αἶμωποῖις
735 338 796 382 ἐστι’-

54 404 127 462 φέλιξε
143 405 224 460 λύκους.
255 413 323 464 Vulgo
338 425 387 464 aroer
400 412 433 451 ille
449 412 525 452 retibus
536 412 608 453 dieitur
619 414 689 465 nalitus
701 411 793 464 Apollod.

54 477 81 516 Π.
91 479 114 527 4,
126 480 156 517 5“
171 483 192 519 et
208 480 334 521 SENECAE
350 481 393 520 loeo
409 480 469 520 Hero.
485 480 529 521 Oet.
546 484 612 521 1813:

287 560 389 600 Ar’eadum
402 562 487 613 populos
503 565 570 614 petam

172 629 289 682 illeritisque
300 632 369 673 terres
384 630 461 670 nobiles
477 643 572 683 quaeram
587 632 639 670 tuis?

171 698 209 739 Hie
224 699 267 738 dire
281 712 365 751 serpens
379 699 459 748 oeeidit,
474 700 507 739 hio
522 700 564 739 ales
579 701 629 749 fera,

170 768 209 808 Hie
223 781 270 807 rex
285 770 424 819 eruentus,
440 769 472 808 hio
486 770 521 808 tua
535 769 611 809 fruetus
627 782 694 817 manu,

172 837 213 882 Qui
227 839 247 877 te
263 838 342 890 sepulto
357 837 448 890 possidet
462 838 551 888 eoelum,
565 839 603 878 leo.

54 917 155 957 Videlicet
165 921 218 967 sunt,
229 918 262 970 qui
272 919 343 966 terras,
355 930 405 970 quas
416 930 477 970 supra
488 917 594 971 oauVHI.
602 921 620 958 2.
630 931 649 970 p.
656 920 697 958 174
708 918 793 958 obtinui-

54 999 99 1025 mus
107 986 208 1026 Arnaolum
218 987 309 1038 intelligi,
321 988 389 1026 orbem
399 992 499 1027 terrarum
509 988 548 1027 diei
557 988 596 1027 rati
608 986 716 1039 „Aegypti
732 986 794 1026 Thra-

55 1055 107 1104 ciae,
123 1055 201 1108 Libyae
216 1069 276 1107 reges
287 1055 411 1105 Busiridem,
423 1056 551 1105 Diomedem,
563 1058 665 1095 Antaeum
671 1058 681 1076 “
696 1056 794 1103 referant,-

54 1124 151 1163 Heinsius
165 1112 243 1173 autem,
259 1138 297 1177 quo
311 1124 372 1176 „regi
386 1124 420 1164 isti
435 1127 517 1165 oruento
533 1139 591 1165 suum
606 1137 693 1176 regnum
703 1124 794 1176 assigne-

54 1194 97 1243 ret,
118 1193 172 1245 quod
190 1194 267 1233 nullum
280 1194 320 1232 iem
336 1194 357 1233 iu
372 1192 450 1233 Seneoe
464 1194 496 1233 hio
510 1195 548 1233 looi
564 1194 723 1243 exhibentem,
744 1193 793 1231 miro

55 1264 128 1302 nonatu
145 1263 251 1313 ingressus
271 1264 303 1301 est
318 1276 364 1301 enm
378 1263 444 1303 looum
460 1264 489 1302 sio
504 1264 612 1302 reformare
628 1263 680 1302 nov.
691 1262 718 1301 Π,
728 1265 760 1301 14.
775 1276 794 1314 p.

56 1334 107 1371 318:
122 1329 229 1380 „Utrum
242 1330 327 1371 Cleonas
342 1331 443 1370 Aroedum
459 1344 489 1371 an
504 1332 588 1385 populos
599 1333 667 1383 petam
677 1331 795 1381 Meritisque

54 1400 157 1452 Libyen
176 1400 262 1439 nobilem
282 1399 429 1439 aeternam
451 1400 505 1439 tuis?
535 1399 575 1439 Hio
589 1400 633 1439 dire
647 1413 730 1452 serpens
745 1399 794 1438 eeoi-

55 1469 94 1518 dit,
110 1469 142 1507 hie
155 1469 197 1507 eles
211 1469 264 1518 fera,
277 1468 316 1507 Hie
331 1482 369 1508 rex
384 1470 498 1508 oruentus.“
526 1468 582 1520 Ergo
597 1469 618 1507 id
634 1469 701 1520 ipsum
715 1481 750 1520 pro
766 1468 794 1507 in-

56 1541 113 1589 tegro
128 1537 283 1589 inoorrnptoque
303 1539 385 1576 tuentur
404 1537 502 1576 oommuni
517 1550 617 1576 consensu
632 1537 684 1576 docti
698 1536 793 1585 homines,

55 1607 107 1657 quod
121 1605 169 1645 uitio
184 1608 254 1645 natum
270 1619 315 1645 esse
331 1607 351 1645 et
364 1606 470 1645 institutus
487 1619 554 1645 rerum
570 1607 618 1645 ordo
633 1606 692 1645 donet
707 1610 728 1644 et
741 1619 795 1644 men-

55 1675 83 1713 tio
99 1675 153 1725 regis
168 1674 225 1713 saeui
240 1674 366 1725 crudelisque
380 1675 490 1714 identidem
504 1676 714 1726 feotetv.1782'sq‚:
728 1686 795 1725 „quas

55 1745 123 1795 petam
142 1745 207 1781 terres
229 1755 279 1782 enus
298 1742 368 1782 inrisa
388 1744 477 1782 saevis
493 1744 617 1796 regibus?
638 1743 655 1781 si
671 1731 715 1795 quis
729 1744 796 1781 tamen

54 1811 112 1850 Rex
125 1813 157 1849 est
171 1811 253 1851 relietus
269 1814 381 1851 saeuusf‘
412 1814 477 1851 1790:
499 1812 532 1860 „si
548 1811 592 1862 quis
608 1812 704 1851 Ismarios
721 1823 795 1862 greges

56 1879 138 1919 Thracis
154 1879 373 1935 eruentiuintlioatf‘
400 1882 466 1919 1820:
486 1879 541 1929 „Hie
555 1873 596 1932 pax
608 1881 719 1918 eruente
734 1892 796 1930 rege

55 1950 156 2000 prostrato
177 1948 225 1987 data
245 1949 300 1998 est‘b
321 1950 341 1986 et
359 1949 471 1988 reoordatio
493 1948 521 1987 rei
535 1948 648 1987 litterarum
662 1947 796 1986 monumentis

55 2019 185 2056 oontestatee.
222 2017 314 2069 Namque
337 2030 377 2056 non
399 2018 457 2057 modo
481 2018 589 2056 arbores
611 2018 631 2055 et
652 2015 796 2067 segetes⁸4>

56 2084 153 2124 strauisse
178 2085 241 2124 fertur
264 2099 298 2124 sus
319 2085 473 2137 Erymanthius,
499 2098 570 2124 verum
592 2086 652 2124 etiam
676 2085 795 2124 homines.

55 2152 169 2193 Nemesion.
184 2156 224 2193 105
247 2168 286 2206 sq.:
312 2154 420 2207 „Namque
439 2155 470 2193 hio
485 2154 583 2193 immense
596 2154 730 2213 membrorum
744 2153 797 2192 mole

103 2298 131 2340 84)
144 2298 240 2340 Nemesion.
254 2303 294 2332 103:
311 2324 320 2340 „
328 2299 416 2340 fletumque
429 2298 492 2331 colonis
504 2299 594 2331 Arcadiam
607 2301 624 2330 et
637 2298 704 2330 steriles
716 2308 754 2329 raro
762 2298 797 2330 iam

57 2354 118 2386 robore
131 2354 182 2387 silvas
194 2373 216 2378 -—
228 2355 291 2387 lunatis
303 2355 384 2388 fundebat
396 2356 473 2388 dentibus
487 2356 552 2388 ornos‘*
577 2354 663 2388 Claudiam
676 2357 694 2387 et
707 2355 764 2387 Seneo.
776 2354 795 2386 ll.
836 2384 838 2386 .
852 2364 889 2397 ,χ

56 2411 141 2445 notstd.
164 2411 228 2444 Albrio.
239 2411 297 2444 XXH.
314 2423 331 2454 p.
344 2416 386 2444 935.-
403 2416 484 2454 „segetes
502 2412 615 2444 devastabat‘*
644 2411 724 2453 Apollod.
741 2412 797 2444 Trete.

56 2466 75 2498 ll.
83 2466 115 2505 dn,
124 2467 167 2499 nude
176 2469 247 2500 maxime
256 2468 360 2511 frequentate
369 2471 394 2500 est
403 2479 412 2500 e
423 2469 541 2510 scriptoribus,
551 2479 591 2510 quos
599 2468 675 2510 neglexit
683 2468 797 2500 Tzsehuekius

56 2523 68 2556 1.
78 2523 94 2558 d,
111 2534 128 2564 p.
138 2527 180 2564 251,
199 2526 262 2558 mentio
274 2525 449 2569 Erymanthidis
463 2525 544 2566 silvae,
563 2525 684 2558 utaSidonio
696 2525 708 2556 l.
717 2525 740 2563 tl,
756 2524 797 2556 Vir-

56 2580 99 2621 gilio
115 2582 156 2612 Aen.
169 2580 198 2614 VI.
217 2586 261 2615 802:
281 2582 337 2624 „licet
352 2601 374 2606 —-
390 2582 523 2625 Erymanthi
539 2582 607 2614 Panerit
621 2582 738 2622 nemora“,
755 2590 797 2622 qnae

55 2638 142 2669 mutuatus
162 2640 188 2669 est
202 2638 290 2671 Ennodius
308 2640 353 2671 Diot.
366 2639 440 2671 XXVII.
457 2650 474 2681 p,
485 2639 551 2672 307.οῑ
569 2639 615 2681 „qni
631 2638 725 2680 pacavit
740 2637 798 2679 Ery-

56 2694 140 2727 manthi
151 2697 260 2735 nemora‘⁴,
278 2696 342 2728 Seneca
357 2696 519 2736 Hero-Furat&
536 2695 658 2738 „solitumque
674 2694 748 2734 densis
761 2694 797 2726 his-

56 2750 115 2793 pidum
126 2751 229 2795 Erymanthi
240 2752 302 2795 iugis
316 2752 389 2785 Arcadia
404 2756 470 2795 quatere
482 2763 571 2786 nemora
584 2752 687 2785 Maenalium
700 2751 763 2785 suem.“
