1780 2885
66 71 107 108 172
375 77 430 120 capua
442 77 491 112 VIII.

81 189 104 224 O.
100 197 152 234 ·‚‚a
172 183 205 222 Mo
207 184 301 224 lorcho'
295 199 316 224 in
335 185 443 237 hospitium
464 186 495 224 est
515 185 631 237 susceptus,
655 185 710 225 cuius
730 187 803 225 filiam

64 189 95 293 leo
113 253 250 303 interfecerat,
269 255 332 293 stab
351 267 385 302 eo,
407 254 531 305 quomodo
551 255 804 304 cumleonccoiret,

65 322 176 362 didicitf‘
206 323 307 363 Docuerat
298 325 361 363 taut
363 330 418 361 eml
409 322 522 363 Molorchus
538 336 632 373 cumea,
648 336 699 376 quae
712 324 737 362 ad
751 324 804 363 loco-

64 406 109 431 rum
129 392 189 430 situm
207 393 331 445 monstrique
351 393 411 431 ritum
426 393 586 444 cognoscendum
601 393 736 445 pertinerent,
755 398 803 442 ΙΙΙΙΙΙ,

64 463 87 501 ut
105 463 175 500 nostra
197 462 297 501 sententia
316 462 365 511 fert,
383 462 443 502 illud:
467 463 492 501 ad
513 462 657 501 devincendam
675 463 739 501 teram
759 475 804 501 oum

63 531 151 570 maxime
167 544 216 583 opus
232 545 277 570 esse
293 532 364 570 robore
380 530 483 571 Arcadico.
515 531 594 577 Quod
588 545 655 584 ipsum
669 545 709 570 non
720 532 804 570 obscure

65 600 208 652 significatt
186 599 311 639 Statiusld
299 600 370 651 d(cf
385 600 426 640 Bar
427 602 453 640 th
468 615 487 653 p.
499 603 559 652 955)
578 600 663 651 „Gloria
676 602 723 664 nota
738 613 803 650 casae,
849 601 851 604 ’

65 670 167 709 foribus
189 669 315 708 simulata
341 670 425 721 salignis
447 669 538 722 Hospitis
560 683 630 710 arma
651 669 682 709 dei
701 660 803 723 parvoque

65 740 205 778 ostenditur
219 752 287 787 arro,
308 738 396 778 Robur
411 740 454 777 ubi
469 741 489 778 et
503 740 561 778 laxos
576 752 615 791 qua
627 740 804 778 reclinaverit

64 821 122 847 arcus
143 807 214 847 llice.“
242 807 285 846 Nec
305 807 390 847 difficilis
408 809 451 846 veri
472 808 585 847 coniectura
602 808 640 852 fuit
658 808 737 859 Begero
757 809 769 847 l.
785 810 803 847 d.

63 892 82 929 p.
94 880 145 916 280:
166 877 239 926 „claua
252 901 281 905 —
295 889 355 928 qnam
369 877 440 927 utique
454 891 494 916 non
509 877 574 916 infans
584 877 659 925 habuit,
676 877 712 916 sed
727 877 752 916 ad
761 877 802 915 leo-

64 960 110 985 nem
125 945 248 985 Nemeaeum
266 959 353 997 pergens
373 946 415 984 vel
432 959 443 984 a
458 946 593 984 Molorcho
607 946 712 997 hospite
727 946 803 997 accepit

63 1016 97 1054 nel
118 1016 154 1054 sub
175 1014 271 1053 Helicone
294 1028 320 1053 ex
342 1015 428 1054 oleastro
451 1028 496 1054 cum
515 1015 615 1054 radicibus
635 1015 709 1054 avulsit
724 1016 758 1054 vel
776 1015 801 1053 ad

64 1084 181 1123 Saronidem
198 1083 293 1135 paludem
312 1097 339 1122 ex
359 1084 445 1123 oleastro
462 1084 562 1123 abscidit“
583 1084 618 1123 ant
636 1085 683 1123 aute
697 1073 801 1136 Baptistae

63 1153 149 1204 Pignae,
165 1149 227 1204 aquo
242 1152 263 1191 in
275 1151 366 1205 Rhopalo
381 1153 431 1192 haec
444 1152 518 1205 scripta
532 1152 612 1191 inuenio
627 1166 646 1204 p.
657 1154 709 1192 238:

149 1220 233 1260 Alcidae
247 1223 338 1274 pastor
353 1235 398 1260 cum
412 1222 474 1260 vellet
489 1222 569 1260 tradere
584 1223 713 1271 truncum,

174 1290 228 1336 Quo
243 1291 337 1342 posset
352 1293 410 1330 tuto
426 1291 556 1330 dilaniare
571 1291 647 1330 feras.

63 1359 115 1398 Rem
124 1361 228 1398 uetustate
238 1359 278 1397 iam
288 1359 422 1398 oblitteratam
433 1357 571 1409 Callimachus,
583 1359 600 1398 si
610 1359 656 1411 quid
666 1360 721 1398 recte
732 1359 801 1408 sentio,
863 1348 869 1374 Ι

64 1429 176 1468 accuratius
194 1427 305 1467 tradiderat
321 1429 354 1478 (ne
370 1428 417 1479 quid
432 1428 457 1466 de
471 1427 558 1467 Arcadia
572 1428 659 1466 carmine
675 1428 765 1479 suspicer
778 1428 802 1467 ΙΙ.

63 1511 81 1549 p.
95 1499 143 1545 181)
157 1497 177 1535 iu
193 1496 267 1536 Aetion
282 1496 348 1546 libris,
364 1497 389 1536 de
404 1497 476 1547 quibus
490 1497 585 1536 indicium
600 1498 657 1535 extat
671 1496 730 1536 Probi
744 1497 801 1548 Virg.

63 1565 136 1617 Georg.
151 1565 190 1605 ΠΙ.
203 1569 235 1605 19.
251 1579 269 1618 p.
281 1568 320 1614 56,
334 1568 346 1605 8
363 1567 433 1605 hocce:
450 1565 582 1615 „Molorchus
595 1566 633 1604 fuit
648 1564 741 1605 Herculis
756 1567 801 1605 hos-

63 1649 109 1687 pes,
120 1635 172 1687 apud
183 1648 243 1687 quem
252 1634 270 1673 is
281 1634 395 1673 diversatus
406 1636 447 1683 est,
462 1648 507 1673 cum
517 1634 678 1687 proficisceretur
688 1634 714 1673 ad
723 1634 801 1673 leonem

62 1704 160 1744 Nemeum
179 1704 295 1743 necandum.
326 1703 367 1749 Qui
385 1716 430 1742 cum
444 1703 582 1742 immolaturus
597 1704 652 1742 esset
668 1703 748 1742 unicum
764 1703 802 1742 ari-

63 1775 125 1822 atem,
145 1786 204 1825 quem
220 1773 345 1822 habebat‚u
346 1771 477 1812 tHeiculem
492 1772 593 1811 liberalius
609 1772 721 1825 acciperet,
740 1772 801 1825 impe-

62 1842 124 1881 lirant
115 1842 168 1880 tab
183 1855 207 1880 ec
224 1841 334 1891 Hercules,
356 1843 380 1880 ut
398 1854 444 1880 eum
463 1843 554 1880 servaret
577 1865 602 1870 —
609 1840 687 1880 ,Sed
706 1841 802 1880 Molorchi

62 1911 137 1957 mentio
153 1911 210 1949 esta
199 1911 252 1962 apud
269 1910 430 1950 Callimachum
424 1924 445 1949 ru
459 1904 546 1949 Atrion
561 1872 634 1949 ΙΙΙΙΙΙΙ,α
660 1908 802 1949 Callimachum

62 1980 124 2032 igitur
139 1982 242 2018 auctorem
257 1983 354 2031 sequanis
373 1980 455 2018 uidetur
469 1979 586 2032 Propertius
601 1980 802 2032 usurpasseclavam

62 2049 194 2098 Maenaliam,
212 2061 251 2101 qua
270 2050 358 2087 armatus
382 2049 460 2099 „decus
475 2051 496 2087 et
510 2049 575 2088 lamae
591 2048 676 2100 prinnini
690 2050 785 2089 honorem
791 2052 802 2068 “

63 2116 127 2167 (Grat.
141 2117 191 2170 Cyn.
204 2118 239 2166 72)
258 2119 384 2156 consectatus
400 2114 545 2172 σφοδρότερος
561 2113 599 2169 μὲν
613 2112 714 2171 κάπριον,
729 2114 802 2170 βιαιό-

62 2199 123 2240 τερος
143 2182 166 2225 δὲ
186 2181 277 2225 λεόντων
296 2186 399 2236 (Themist.
417 2185 450 2225 Or.
465 2186 514 2225 XX.
533 2200 551 2239 p.
564 2189 616 2235 249,
628 2188 663 2237 15)
683 2200 723 2225 nou
744 2188 802 2226 modo

62 2257 115 2294 feras
130 2256 173 2294 tum
188 2255 259 2306 fregit,
281 2258 303 2294 ΙΙΙ
317 2255 395 2294 leonem
410 2256 545 2304 Nemeaeum,
566 2268 637 2307 aprum
648 2255 803 2308 Erymanthium

63 2325 96 2374 (de
115 2338 153 2376 quo
171 2324 223 2362 infra
238 2324 333 2373 dicetur),
352 2325 402 2363 ahas
417 2325 482 2373 feras,
502 2327 544 2363 tum
560 2325 641 2374 occidit,
662 2327 686 2364 ut
701 2324 802 2364 Cithaero-

63 2393 117 2430 ninm
130 2393 209 2430 leonem
220 2392 267 2441 (not.
280 2395 324 2442 71),
341 2391 427 2431 Orthum
437 2405 517 2442 canem,
531 2393 633 2431 Diomedis
644 2406 717 2445 equos,
731 2407 803 2432 verum

63 2461 123 2499 etiam
144 2460 255 2499 Acheloum
276 2461 357 2512 subegit
378 2462 519 2513 interemitque
540 2462 665 2512 Amazones,
689 2462 763 2502 Cacum
782 2464 803 2500 et
839 2464 840 2467 ’

64 2529 203 2569 saevissimum
218 2543 317 2583 quemque
333 2543 408 2581 regem.
417 2530 444 2580 74)

111 2688 138 2731 74)
152 2689 207 2720 Leoni
223 2690 306 2720 Nemeaeo
323 2693 340 2721 et
356 2701 399 2731 apro
411 2691 524 2733 Erymanthio
542 2691 615 2722 adiicere
629 2691 669 2723 licet
685 2694 751 2722 taurum
763 2688 802 2720 Gre-

60 2749 125 2779 tensem
141 2746 203 2789 (Noun.
212 2745 270 2779 XXV.
280 2750 318 2778 236.
331 2758 348 2788 p.
358 2751 401 2786 254,
411 2752 442 2781 25:
458 2751 525 2794 ταῦρον
540 2746 561 2781 δν
570 2746 646 2790 ἤλασεν,
660 2746 699 2780 ὅττι
710 2743 803 2780 τινάσσων
