1780 2936
387 89 442 131 Caput
453 88 483 120 VI.
773 77 813 113 113

73 196 146 235 serieru
159 195 273 248 politissimi
285 194 377 235 carminis
392 194 466 233 inferre
480 193 574 231 vetamur
585 190 733 243 comparatione
743 190 814 229 horum

71 277 178 304 versuum:
194 265 280 316 „Aurea
295 263 385 303 securi
400 264 445 314 quis
454 260 526 300 'nescit
541 259 622 311 saecula
637 260 719 311 regis.
745 259 814 304 Quum

72 334 177 374 domitis
199 346 258 373 nemo
275 332 369 374 cererem
389 332 475 371 iactaret
494 330 514 369 in
530 329 607 368 arvis,
638 328 814 379 Venturisque

72 404 153 442 malas
165 403 280 455 prohiberet
294 401 418 452 frugibus
433 400 536 439 herbas.
551 432 553 434 .
567 398 659 436 Annua
676 398 711 436 sed
723 411 813 437 sacrae

72 473 195 524 complerent
210 472 304 510 horrea
319 471 434 508 messes“
449 469 609 518 multorumque,
630 479 680 516 quos
696 471 742 505 ante
758 480 813 505 men-

72 542 147 579 tionem
168 539 222 591 Tityi
240 539 316 590 positos
336 550 377 576 non
398 538 456 576 uacat
476 548 596 587 congerere,
617 535 736 587 videturque
754 537 814 574 rehe-

72 611 150 647 menler
171 607 296 659 improbasse
319 605 422 657 Scaliger,
447 606 479 656 qui
505 604 564 654 „legi
588 603 656 644 iussit:
683 605 774 643 strauere
794 605 814 642 in

71 677 143 727 iugera
157 675 254 729 fusum,
268 687 307 714 non
318 676 385 713 autem
401 673 526 721 foedum&
543 685 582 712 non
592 673 687 723 ignarus,
703 673 758 724 puto,
774 674 813 723 ille,

73 746 168 796 quantum
188 744 242 783 inter
259 744 312 783 hunc
327 743 392 782 locum
407 743 516 781 interesset
531 743 551 779 et
565 742 616 780 tales
632 754 714 791 versus,
736 743 815 793 qualem

73 812 139 853 Ovidii
156 812 252 851 habemus
269 811 313 851 Am.
324 811 363 850 111.
375 814 408 860 ia,
420 813 458 850 25:
477 810 551 860 „Idem
562 823 599 863 per
614 810 728 861 spatium
739 809 814 862 Tityon

72 881 198 934 porreximus
214 881 327 931 ingens‘·‘
342 881 377 919 aut
393 892 452 931 quem
470 891 531 931 supra
547 892 566 930 p.
583 881 609 918 62
630 877 709 918 Aetnae
732 879 814 918 carmini

72 963 91 990 v.
103 953 130 990 80
141 950 274 989 reddidimus:
289 948 419 999 „Sollicitant
428 948 480 988 malo
491 951 512 987 te
523 947 602 998 siccum,
614 947 705 1006 Tantale,
715 948 777 999 plen
782 961 799 987 a.
804 950 815 968 “

73 1019 136 1069 Quid,
152 1019 205 1071 quod
220 1031 278 1057 nemo
294 1018 359 1057 adhuc
373 1019 432 1071 plane
445 1020 466 1056 et
480 1017 586 1070 perspicue
606 1017 711 1068 expedivit
726 1018 751 1056 [le
769 1031 813 1056 sen-

72 1087 136 1126 tentia
151 1088 206 1127 uocis
220 1087 327 1126 foedus?
346 1087 384 1125 nisi
399 1087 451 1126 forte
464 1082 616 1127 mmsuorfius
632 1086 713 1137 negotio
729 1098 765 1125 suo
780 1099 813 1125 cu-

72 1158 147 1195 mulate
163 1155 285 1194 satisfecisse
299 1156 379 1194 videtur
392 1156 423 1194 his
439 1168 457 1207 p,
469 1157 510 1194 104
526 1168 564 1206 sq:
585 1153 713 1205 „ascensius
727 1157 815 1208 explicat

72 1225 212 1264 deformem
231 1225 266 1262 aut
285 1226 368 1276 propter
386 1224 549 1263 incontinentiam
569 1225 604 1262 aut
617 1225 700 1276 propter
713 1225 814 1276 magnitu-

72 1294 151 1342 dinem,
171 1292 223 1331 sicut
240 1305 251 1330 a
266 1291 324 1344 Virg.
341 1290 415 1344 Georg.
425 1292 462 1331 TV.
479 1293 520 1332 395
544 1293 637 1344 turpes
652 1292 727 1344 phocae
741 1307 814 1334 uocan-

72 1359 122 1401 tur“
141 1363 176 1401 aut
192 1361 250 1401 ut'lia
268 1364 336 1401 nostro
352 1362 444 1401 instituto
464 1361 593 1414 proposuisse
609 1360 705 1401 Barthius
724 1363 745 1401 in
764 1362 814 1402 Stat.

73 1430 134 1470 Theb.
145 1430 184 1469 111.
196 1434 228 1469 21.
244 1444 263 1482 p.
275 1433 301 1470 67
305 1434 322 1480 1,
337 1431 432 1482 quidquid
442 1430 525 1483 impium
536 1433 572 1480 est,
583 1431 603 1469 id
613 1431 694 1470 foedum
705 1431 743 1470 dici
753 1432 814 1471 inter·

72 1501 169 1552 pretatus.
199 1498 243 1537 Iam
259 1511 307 1539 vero
323 1499 371 1551 quid
386 1500 411 1538 de
426 1512 451 1538 ea
465 1513 487 1539 re
502 1499 601 1548 dicemus,
620 1500 672 1551 quod
688 1501 721 1551 qui
736 1501 815 1550 „ullam

72 1567 184 1619 excogitari
193 1580 253 1618 posse
263 1569 325 1618 negat
336 1580 422 1618 causam,
434 1581 469 1606 cur
478 1570 539 1619 poeta
545 1567 629 1607 Homeri
639 1568 673 1607 illa
682 1564 741 1608 ἐννέα
752 1566 814 1609 πέλε-

59 1637 118 1691 ·θρα
131 1637 152 1675 in
167 1637 245 1688 septem
260 1635 331 1687 iugera
344 1639 423 1676 mutare
439 1636 542 1676 uolueritt‘
558 1638 626 1688 (quem
641 1637 721 1689 quidem
734 1641 814 1689 poetam

73 1717 135 1757 saepe
154 1704 300 1744 reconditiores
320 1718 365 1743 cum
379 1705 462 1745 aliorum
477 1704 662 1744 Alexandrinorum
676 1707 720 1744 tum
733 1705 815 1759 Eupho-

71 1773 133 1813 rionis
149 1773 266 1813 11111145.
281 1787 300 1826 p.
313 1776 354 1813 150
369 1773 448 1813 litteras
465 1775 563 1813 sectatum
577 1787 622 1813 esse
633 1774 746 1826 nouimus),
761 1775 815 1814 idem

73 1841 159 1881 affirmat
173 1841 237 1881 Italos
255 1842 276 1880 111
298 1855 446 1894 superuacuum
465 1866 490 1870 —
507 1842 564 1882 licuit
584 1843 637 1881 enim
652 1843 722 1894 generi
736 1843 757 1882 in
770 1845 814 1882 mil-

73 1910 184 1962 gatissimis
199 1911 271 1950 fabulis
286 1911 374 1950 maxime
394 1911 521 1963 acquiescere
535 1911 599 1950 solito>
610 1924 684 1964 ponere
701 1911 734 1951 rel
748 1913 815 1965 ipsum
852 1898 854 1902 Ι

72 1979 133 2019 illud:
153 1992 254 2019 novena
274 1980 300 2019 in
319 1980 410 2030 iugera
426 1981 532 2031 <norem
548 1993 595 2032 per
609 1981 717 2031 iugera)
733 1984 777 2032 aut,
798 1981 815 2020 si

73 2048 105 2088 cui
121 2046 180 2087 Statii
201 2047 317 2100 exemplum
338 2048 447 2088 TheblV.
462 2051 515 2089 535:
536 2048 641 2087 centeni
662 2048 815 2100 Aegaeonis

73 2129 160 2169 aequare
178 2119 214 2156 aut
230 2129 326 2169 superare
339 2117 472 2169 collibuisset,
491 2130 620 2157 novenum
635 2117 659 2156 in
673 2118 770 2168 iugera
786 2142 815 2146 —

74 2188 95 2225 et
109 2188 185 2226 temere
199 2199 260 2226 ausos
275 2199 320 2226 esse
335 2186 356 2225 id
372 2186 504 2236 comminisci,
519 2187 572 2238 quod
586 2186 662 2238 legitur
672 2187 758 2227 inlibris
769 2188 816 2227 olim

74 2255 187 2307 impressis:
211 2255 302 2307 „Tityon
325 2257 426 2307 septem
444 2257 535 2295 strauere
555 2257 688 2307 iniugera“?
718 2255 756 2295 Hic
775 2257 815 2296 iam

73 2324 154 2362 mallem
164 2326 265 2376 pugnaret
276 2325 347 2377 aliquis
354 2324 418 2364 ltalos
428 2325 520 2364 homines
530 2325 567 2364 hoo
578 2337 662 2375 errasse,
673 2327 696 2363 ut
707 2356 718 2373 „
725 2324 815 2378 Tityum

73 2391 202 2444 hepatian
216 2381 262 2432 sire
277 2394 427 2446 hepaticam
442 2395 529 2433 stratum
545 2393 565 2432 in
575 2394 647 2444 iugera
656 2394 753 2432 foedum“
763 2395 815 2434 face-

74 2461 120 2499 rent
129 2460 185 2499 illum
195 2461 293 2514 „Tityon
304 2475 330 2501 se
336 2476 349 2514 p
357 2463 407 2501 tem
417 2463 503 2502 stratum
513 2463 534 2501 in
544 2462 615 2513 iugera
626 2462 723 2502 foedum.“
740 2463 815 2510 Quam-

75 2541 135 2582 quam
145 2528 199 2568 ah'ud
214 2530 308 2582 quiddam
323 2531 343 2569 in
358 2530 392 2570 illo
404 2544 472 2571 errore
484 2532 566 2571 subesse
577 2531 628 2569 infra
638 2532 758 2583 aperiemus.
773 2533 817 2573 Nec

75 2599 113 2638 hoc
119 2611 159 2638 non
165 2598 232 2651 inique
239 2600 274 2637 aut
284 2600 363 2639 incaute
374 2600 471 2652 scriptum
482 2603 523 2640 est:
539 2612 637 2652 „poena
647 2600 696 2639 ferri
706 2589 817 2655 nonlposse

74 2667 121 2707 Itali
136 2667 297 2707 interimemur*
328 2668 368 2713 Qui
389 2669 442 2707 enim
457 2668 520 2709 Italos
536 2681 559 2707 eo
575 2669 695 2709 temeritatis
709 2675 817 2723 proiectos

75 2748 121 2775 esse
135 2738 261 2790 pronuntiat,
277 2739 300 2776 ut
313 2737 418 2777 inventum
431 2738 551 2779 uocabulum
566 2750 649 2790 poena
661 2752 714 2779 nouo
726 2740 817 2791 exemplo

105 2815 161 2841 sinis,
659 2811 671 2847 8
