1780 2885
109 60 151 99 164
430 67 486 112 Oaput
498 68 546 104 VIH.

109 177 142 214 tur
161 172 239 223 deberi,
263 174 294 213 ius
314 173 404 214 Thebani
424 174 483 226 regni
502 175 527 215 ab
541 174 604 227 ipsius
618 173 715 224 Megarae
730 173 777 213 dote
793 185 850 225 repe-

109 244 167 283 titur:
187 239 212 282 cil
233 240 251 282 d'
271 236 332 298 ἦσθα
347 243 423 298 Θηβῶν
442 244 484 283 τῶν
499 238 638 299 φιλαρμάτων
654 237 708 291 dvo}
720 237 851 296 ’Έμκληριι

89 328 90 331 “
110 308 194 352 medio
206 306 278 363 τάμὰ
293 311 330 367 γῆς
344 309 474 367 ιειιημέιιος.
504 313 576 364 Itaque
590 314 669 351 tantum
680 312 739 350 abest
748 313 771 350 ut
781 310 850 364 Haup-

111 381 133 421 tii
148 381 296 433 argumentatio
312 382 389 431 ualeat,
404 383 427 421 ut
442 381 467 421 de
483 381 547 434 ipsius
558 380 661 433 Euripidis
672 380 791 420 auctoritate
801 382 851 420 haec

110 451 217 490 videantur
232 450 294 490 fuisse
309 451 378 490 clauae
393 453 414 489 et
429 449 519 490 Thebani
529 451 587 503 regni
598 450 684 503 aliquam
694 451 852 489 communionem

110 520 220 572 requirenti
233 519 310 559 fortiter
325 520 481 572 pronuntianda:
502 519 659 571 „Oongruenter
674 520 741 558 utum
756 520 801 570 regi
814 518 852 558 Ar·
872 516 875 520 ’

112 590 204 641 giuorum
218 588 309 641 Argolici
323 590 407 629 monstri
423 589 509 630 exuuiae
520 590 647 634 tribuuntur,
660 589 727 628 futuro
739 588 852 628 Thebarum

112 658 156 711 regi
171 658 234 711 stipes
248 658 272 697 in
286 658 344 710 ipsa
356 657 464 698 Boeotia
478 660 537 698 natus
553 661 573 698 et
583 660 608 698 ab
621 659 664 711 ipso
678 657 766 697 Hercule
776 657 852 697 recisus

111 728 215 779 primoque
229 727 281 766 inter
294 728 389 767 mortales
406 728 542 780 experimento
558 739 585 766 ac*
594 727 689 766 beneficio
709 719 852 782 (ἀλεξητήριον

112 790 180 847 ξύλον)
193 796 319 845 nobilitatus,
334 797 402 835 iiitimo
419 794 525 836 Oechaliae
540 796 585 848 regi
599 796 633 835 ille
647 808 715 845 arcus,
731 797 765 847 qui
779 800 799 834 et
809 794 854 847 regi

112 863 219 904 Oechaliae
242 867 263 905 et
285 865 330 904 urbi
349 864 413 904 fertur
432 864 534 915 fatalislss)
551 865 637 905 fuisse.“
673 863 768 916 Origines
786 866 854 904 antem

112 933 224 974 Herculeae
239 936 308 974 clauae
322 948 371 974 vere
386 948 398 974 a
412 935 469 975 nobis
485 935 570 975 traditas
586 948 632 975 esse
648 934 700 973 infra
716 937 728 973 2
744 934 854 987 apparebit.
877 946 883 961 i

171 1025 199 1065 Et
212 1025 242 1065 his
259 1026 338 1078 quidem
351 1026 421 1065 uideor
434 1027 537 1065 tantorum
550 1025 639 1065 uirorum
653 1026 765 1065 commenta
774 1025 853 1065 omnino

112 1095 231 1135 confutasse.
265 1094 336 1135 Paucis
359 1095 398 1135 iam
416 1095 464 1135 licet
482 1107 609 1149 expromere,
633 1095 681 1147 quid
698 1095 742 1147 ipse
762 1094 853 1134 sentiam.

113 1162 275 1204 Oonsentaneum
294 1164 347 1204 enim
364 1166 396 1204 est
417 1164 527 1216 ablegare
542 1163 625 1215 „mariti
644 1165 669 1203 ab
681 1164 750 1204 inferis
765 1164 852 1203 reditum

112 1233 250 1286 desperante“
268 1234 354 1284 claram,
373 1246 413 1285 qua
432 1234 457 1273 ad
477 1234 670 1288 repraesentandum
684 1232 777 1273 Herculis
792 1233 853 1273 robur

113 1303 242 1343 defendendis
258 1304 357 1357 periculis
374 1303 543 1356 spectatissimum
558 1303 625 1357 aptius
640 1302 689 1342 nihil
702 1303 793 1356 proferre
807 1315 852 1356 pos-

114 1372 185 1423 sit,⁶l)
204 1372 242 1412 dici

316 1426 439 1471 daaaa'lcc
452 1428 521 1486 ψευδῆ
535 1424 600 1470 δόσιν.

113 1511 286 1557 Quemadmodum
306 1510 359 1564 apud
378 1510 463 1551 Paulum
482 1508 617 1551 Silentiarium
638 1512 670 1551 est
691 1510 751 1551 Anth.
772 1509 813 1549 Pal.
826 1509 851 1550 V.

159 1694 187 1736 66)
201 1692 311 1736 ApollodIl.
321 1696 339 1733 6,
353 1703 370 1735 p.
380 1696 410 1733 63,
421 1695 447 1725 10,
476 1692 532 1724 Stura.
543 1692 636 1736 Pherecyd.
649 1703 666 1734 p.
680 1695 711 1725 176
725 1703 749 1735 sq,
776 1691 852 1725 Strictim

110 1751 153 1783 illud
169 1751 261 1793 attingam,
277 1750 322 1792 quod
337 1750 357 1782 de
374 1750 425 1783 tertia
440 1750 525 1782 mentione
540 1749 627 1792 Hauptius
639 1760 656 1792 p.
671 1755 680 1783 8
697 1750 767 1783 adiecit:
785 1749 851 1792 „tertio

111 1809 147 1841 filio
159 1809 242 1841 Hercules
254 1811 333 1840 narratur
345 1807 442 1841 Oechaliam
459 1818 499 1840 arcu
512 1818 522 1840 a
535 1818 551 1839 se
564 1810 631 1850 captam
643 1807 746 1848 destinasse⁷
765 1817 822 1840 arcum
836 1808 851 1839 ei

112 1866 215 1908 sagittasque
228 1865 303 1906 dedisse,
316 1869 335 1898 ut
344 1865 424 1898 fratribus
437 1867 486 1898 antea
498 1865 552 1897 leonis
568 1866 637 1897 exuvias
650 1868 667 1897 ct
681 1866 753 1906 clavam,
765 1876 801 1897 non
812 1875 851 1897 nar-

111 1927 163 1955 ratur.
193 1923 252 1966 Itaque
272 1926 311 1964 post
325 1925 368 1956 hanc
385 1924 501 1956 brevissimam
516 1923 631 1955 narrationem
647 1941 669 1946 —
685 1922 749 1966 aliquid
763 1922 857 1969 prioribus¹

112 1981 176 2013 duabus
188 1980 312 2013 narrationibus
327 1981 414 2013 consimile
428 1981 511 2013 excidisse
524 1981 612 2023 probabile
626 1982 668 2013 est.“
692 1980 777 2013 Nimirum
789 1980 851 2012 atalia

111 2038 172 2071 similis
184 2038 273 2072 brevitatis
286 2039 363 2081 exempla
375 2041 440 2078 extant,
455 2039 503 2081 quale
515 2041 540 2070 est
551 2040 567 2070 et
579 2039 651 2071 Homeri
662 2038 682 2071 Il.
691 2037 739 2072 XVI.
751 2041 783 2070 173
797 2047 821 2079 sq.
835 2040 851 2070 et

113 2100 145 2129 179
155 2106 178 2139 sq.
191 2097 211 2129 cf.
225 2100 257 2128 iao
274 2099 291 2128 et
307 2096 375 2128 Ioannis
388 2096 451 2129 Gazaei
461 2097 480 2128 in
490 2096 574 2129 mentione
586 2098 651 2129 Boreae
664 2108 679 2130 v.
689 2099 801 2135 247÷254‚
819 2095 850 2128 Ze-

112 2154 162 2197 phyri
180 2156 289 2193 255—259,
307 2154 349 2186 Noti
362 2157 460 2186 262-266
473 2154 550 2194 verbosi,
567 2154 586 2186 in
598 2154 642 2186 Euri
653 2154 737 2186 mentione
750 2153 798 2196 parci
813 2156 850 2185 260.

111 2214 154 2253 251,
171 2213 188 2243 et
200 2221 220 2242 en
233 2211 358 2252 comparatione
369 2222 456 2244 versnmn:
470 2209 577 2257 ἀμφέβαλλε
591 2214 620 2254 σῷ
633 2208 690 2258 adpo
703 2214 719 2244 et
731 2212 757 2249 εἰς
769 2207 851 2249 δεξιὰν

112 2269 132 2301 di
147 2267 190 2310 σὴν
204 2287 226 2292 -
240 2266 295 2306 ξύλον
308 2271 370 2302 καθίει
382 2269 432 2301 facile
447 2269 549 2311 intelligitur
560 2279 627 2301 versum
638 2269 692 2301 hune:
705 2269 735 2302 σοὶ
747 2287 769 2292 —-
783 2264 851 2301 δώσειν

112 2324 200 2369 ὑπέσχετο
216 2329 291 2367 spectare
310 2326 331 2358 ad
342 2326 396 2359 filium
407 2327 496 2368 infantem,
515 2327 589 2359 nondum
602 2337 681 2370 puerum,
695 2327 742 2359 cuius
754 2326 812 2359 derha
824 2326 851 2358 vel

110 2383 182 2415 tenendo
199 2383 246 2415 arcui
261 2383 316 2424 impar
333 2387 377 2416 esset
394 2384 413 2416 cf.
427 2388 494 2418 uana:
508 2383 590 2432 ’'ilponoo
603 2381 657 2420 dator
671 2382 743 2424 tilica,
762 2386 797 2420 εἷς
810 2384 850 2416 πέ·

110 2441 186 2477 along
198 2439 207 2473 ὁ
220 2439 263 2485 μὲν
276 2438 373 2488 Μητρὸς
386 2443 483 2485 ταλαίνης,
497 2441 506 2474 ὁ
521 2441 536 2474 d'
551 2440 587 2475 und
602 2439 664 2477 κιόιός
675 2439 739 2481 σκιάν,
752 2439 817 2476 ’Ἅλιος
829 2440 850 2473 δὲ

110 2494 175 2543 βωμόν
188 2500 204 2529 et
216 2501 249 2531 977
261 2497 282 2530 cf.
295 2498 353 2531 Senec.
369 2502 412 2531 1020
425 2509 448 2542 sq.

157 2566 185 2608 67)
198 2564 300 2611 Σύμβολον
312 2566 329 2599 d'
342 2564 366 2600 clv
379 2564 464 2615 ἑκάτερον
475 2569 502 2611 εἴη
515 2566 577 2615 ῥώμης
590 2568 621 2600 καὶ
634 2565 773 2612 γενναιότητος·
792 2564 801 2598 ὁ
814 2564 850 2611 μὲν

110 2619 146 2667 γὰρ
159 2621 204 2655 λέων
217 2622 238 2655 id
256 2621 385 2670 ἀλκιμώτατον
396 2628 434 2660 arba
446 2628 517 2670 θηρίων
531 2625 582 2664 ἐστι’,
596 2622 618 2658 τὸ
632 2624 653 2657 di
664 2623 747 2673 ῥόπαλον
755 2621 775 2657 τὸ
785 2634 850 2669 καρτε-

109 2676 190 2726 ρώτατον
206 2682 243 2712 τῶν
259 2678 323 2714 ὅπλων
341 2681 446 2715 Cornuthi.
465 2694 482 2724 p.
492 2686 524 2716 189
542 2685 559 2715 et
571 2682 635 2715 Eudoe.
651 2694 669 2724 p.
679 2685 712 2715 218
726 2682 746 2714 cf.
759 2681 802 2713 Lab.
814 2681 849 2723 Ag-

110 2736 167 2781 laoph.
181 2748 197 2781 p.
208 2740 245 2770 729,
