1780 2885
70 63 113 100 210
389 69 445 111 Caput
456 67 488 101 IX.

70 173 190 226 angues),
210 185 276 213 nonne
294 173 378 213 evidens
399 174 431 212 est
445 173 571 213 librariorum
586 174 645 213 simul
660 175 681 212 et
695 173 810 213 notissimas

8 280 9 283 ,
70 255 160 295 quasque
170 255 204 281 res
213 244 273 295 atque
284 242 413 282 auctoritates
429 242 516 282 maxime
529 242 677 283 renditautium
690 242 774 282 levitate
790 243 811 280 et

69 311 195 352 describendi
212 312 326 351 temeritate
342 311 469 362 (esiodus.
488 312 608 363 ovidius>
623 313 643 351 in
659 310 754 367 Ovidium
768 323 810 349 ces-

69 382 132 430 sisse,
147 381 201 432 quod
214 381 322 420 deberetur
337 380 467 420 Hesiodo?
491 381 558 427 Quem
571 382 674 425 auctorem
685 380 809 434 profitentur,

69 451 103 503 qui
118 462 142 489 ea
156 450 211 502 ipsa,
231 462 282 502 quae
298 450 352 502 apud
366 449 494 489 Lactantium
508 452 567 499 sunt⁷
588 450 728 504 prodiderunt,
748 448 809 501 Apol-

68 520 150 559 lodorus
175 522 196 559 et
214 518 304 570 Phlegon
323 519 480 570 (commemorati
501 519 611 559 aBartlrio
630 533 648 572 p.
665 522 712 559 317.
745 516 808 570 Span-

68 588 134 628 hemio
153 586 230 627 Gallim.
251 587 344 627 Pausa.
363 601 382 639 p.
398 590 446 627 605.
476 587 557 640 Hepnio
575 588 667 641 Apollod,
688 602 707 641 p.
723 589 763 626 622
786 585 809 624 cf.

69 657 196 697 Markscheff.
211 656 293 696 Hesiod.
308 670 326 709 p.
338 657 399 707 362),
416 669 501 708 quorum
514 657 546 696 lric
560 669 602 696 rem
618 656 705 696 maxime
718 656 743 696 ad
758 655 808 694 noti-

68 727 117 767 tiam
133 727 268 778 pertinentem
277 725 397 778 interposuit
411 738 429 777 p.
442 720 528 775 130‚1:'
545 727 582 765 rob
598 721 622 765 δὲ
635 720 791 765 Ἀπόλλωνα
798 737 809 771 ς

68 793 127 849 αὐτῷ
141 791 270 850 χρήσαντος
287 819 310 824 -
325 791 363 834 τὸν
379 789 489 848 Τειρεσίαν
504 793 596 846 ποιῆσαι
611 790 638 833 τὰ
652 789 696 835 ὑπὸ
706 794 744 834 τοῦ
753 791 809 833 θεοῦ

68 859 161 919 ῥηθέντα
183 859 222 902 καὶ
246 858 314 910 οὕτως
340 858 477 913 κομίσασθαι
496 859 533 917 τὴν
552 854 641 916 ἀρχαίαν
661 859 731 916 φύσιν.
768 859 809 900 Sed

67 932 145 984 reliqua
163 931 254 982 afferam,
275 943 326 984 quae
345 930 468 983 discrepant:
487 931 579 970 deinde
599 931 686 975 monitus
703 932 725 970 ln
739 930 808 969 Barth.

68 1001 164 1040 deinde
185 1014 222 1041 cm.
239 1000 262 1039 A.
277 1024 306 1028 —
327 1000 415 1039 monitus
436 1000 554 1039 sortibus
575 1012 648 1039 onmes.
669 999 807 1039 asortibus

68 1069 144 1123 Hygin.
159 1093 188 1098 -—
205 1070 230 1109 in
249 1069 355 1109 eundem
376 1068 459 1108 locum
478 1068 561 1108 rediit
580 1069 605 1108 in
622 1069 739 1120 figuram
753 1068 808 1120 pri-

68 1141 164 1179 stinam
182 1139 204 1178 ln
224 1138 333 1190 (asterisco
347 1138 392 1177 uoci
410 1137 493 1176 rediit
507 1137 612 1190 praefixo).
637 1137 662 1176 A.
682 1138 702 1177 in
722 1137 808 1176 eundem

67 1208 133 1248 locum
153 1208 213 1247 rediit
232 1210 256 1246 et
275 1208 296 1246 in
308 1206 394 1258 figuram
409 1206 514 1258 prisb'nam
526 1206 594 1246 Barth.
610 1208 631 1245 in
645 1208 730 1246 eundem
742 1206 808 1244 locum

67 1289 195 1316 reuersus
211 1276 338 1315 dracones
349 1275 558 1326 cumcaloasset,
569 1276 629 1315 rediit
638 1274 808 1328 inipullllunclr.

67 1344 123 1399 Hyg.
138 1346 150 1385 l.
163 1345 181 1385 d.
197 1359 215 1398 p.
227 1347 275 1384 148.
289 1346 329 1384 not.
340 1346 359 1384 5.
390 1344 482 1389 Quorum
501 1345 573 1383 neuter
588 1344 672 1396 protulit
686 1344 739 1396 quod
754 1344 809 1382 esset

67 1414 181 1454 uerisimile.
211 1414 258 1453 Fuit
273 1414 325 1453 enim
340 1413 415 1465 aliquid
429 1413 593 1465 excogitandum,
609 1426 647 1465 quo
663 1425 700 1452 nec
710 1401 741 1462 id,
757 1412 809 1464 quod

67 1496 110 1522 rem
129 1483 215 1522 manime
234 1483 387 1522 contineret-
404 1482 447 1521 dico
461 1484 529 1521 autem
545 1482 642 1521 dracones
657 1482 730 1521 iterum
745 1480 808 1520 calca-

67 1554 99 1591 tos
114 1575 149 1601 —‚
163 1552 309 1604 praeteriretur
321 1553 342 1589 et
357 1563 417 1590 causa
426 1551 476 1590 illati
486 1551 601 1590 detrimenti
611 1549 721 1602 patefieret.
742 1550 808 1594 Quale
849 1536 851 1539 ¹

66 1621 147 1660 ridetur
162 1621 261 1661 scribendi
276 1633 341 1672 genus
357 1633 401 1660 esse
418 1621 464 1659 lico:
485 1620 523 1669 „iu
539 1621 624 1659 eundem
634 1620 701 1659 locum
717 1618 809 1667 rediit,

35 1688 37 1690 ’
67 1690 101 1728 ubi
117 1702 162 1728 cum
177 1690 258 1729 eosdem
272 1690 369 1728 dracones
384 1689 492 1738 calcasset,
511 1689 593 1728 rediit
608 1689 628 1727 in
640 1688 727 1739 figuram
741 1688 808 1739 pristi-

66 1761 134 1798 nam“.
165 1756 198 1798 Sic
217 1757 271 1796 euim
289 1758 321 1797 lric
336 1770 377 1797 vox
391 1757 471 1796 rediit
486 1758 516 1796 bis
530 1757 597 1809 posita
612 1758 693 1796 ridetur
708 1757 807 1805 nocuisse,

66 1829 89 1865 ut
103 1840 143 1865 uox
157 1839 252 1866 cornua
262 1825 279 1867 Ι,
290 1829 342 1875 717,
359 1827 392 1865 ubi
406 1826 427 1864 in
442 1826 510 1865 codice
525 1825 544 1865 A
559 1827 631 1865 verba:
645 1827 675 1864 ad
690 1827 737 1864 hoc
749 1837 808 1877 per-

66 1892 185 1934 tinet—
203 1895 273 1934 tauri
298 1908 394 1934 cornua
415 1895 489 1934 omissa
513 1896 564 1933 suut.
600 1894 720 1946 Scripsimus
742 1895 809 1932 autem

68 1963 171 2002 eosdem
184 1962 322 2003 vdracones
344 1963 454 2015 vulgatiori
476 1964 542 2003 famae
557 1963 636 2002 assensi
650 1954 742 2015 Apollod.
757 1962 809 2001 ld:

68 2028 134 2071 πάλιν
157 2028 181 2072 δὲ
203 2028 253 2080 τοὺς
277 2024 354 2079 αὖτοὺς
370 2026 432 2086 ὄφεις
450 2025 606 2086 παρατηρήσας
627 2024 809 2081 συνουσιάζοντας.
832 2083 834 2087 ³

68 2098 125 2138 Orid.
146 2099 194 2139 niet.
210 2099 248 2139 ΙΠ.
264 2102 325 2139 324;“
337 2099 435 2151 „Rursus
456 2101 557 2139 eosdem
575 2101 627 2139 vidit
647 2116 685 2138 —-:
706 2100 808 2152 percussis

66 2168 166 2219 anguibus
188 2168 269 2207 isdem
287 2168 361 2207 Forma
384 2169 440 2221 prior
465 2168 540 2207 rediit“
562 2168 585 2208 cf.
605 2168 660 2208 Lact.
681 2169 739 2209 Narr.
759 2167 807 2208 Fab.

65 2234 104 2275 ΙΠ,
115 2239 137 2290 4,>
154 2250 173 2288 p.
185 2239 232 2276 806.
265 2236 367 2289 Mythogr.
383 2237 398 2276 Ι.
415 2239 447 2276 16.
467 2250 485 2288 p.
502 2239 525 2287 5,
542 2239 578 2275 lb:
596 2237 660 2287 „dum
676 2237 755 2276 videret
773 2250 807 2276 eos

66 2305 194 2344 similiter
214 2306 368 2345 concumbentes
383 2308 404 2345 et
417 2318 561 2344 eosrursus
575 2307 708 2357 percuteretf‘
731 2305 758 2345 Π.
775 2308 807 2344 84.

65 2375 187 2425 p.104,4:
207 2374 323 2424 „iterum
338 2386 373 2412 eos
388 2374 543 2413 concumbentes
552 2373 623 2413 ridens
633 2375 735 2427 percussis
750 2382 806 2413 rur-

66 2454 109 2480 sus
129 2442 189 2492 rirga
202 2443 227 2481 in
241 2443 330 2481 eodem
342 2442 401 2481 loco
415 2443 436 2481 in
450 2442 536 2493 figuram
551 2442 610 2482 rediit
625 2443 749 2495 pr·istinam.“
767 2442 806 2484 ΠΙ,

65 2511 120 2559 4,8.
135 2523 153 2561 p.
165 2513 247 2559 16974
268 2511 311 2550 sire
332 2510 426 2561 Fulgent.
443 2509 470 2549 H.
487 2513 505 2550 8.
519 2513 601 2562 potr:
619 2513 741 2561 „eosdem
755 2513 807 2551 vidit
846 2499 848 2502 Ι

33 2626 35 2628 ¹
64 2578 220 2618 concumbentes
241 2579 410 2631 similiterque
432 2579 457 2617 iis
474 2579 576 2631 percussis
596 2580 618 2619 iu
638 2581 721 2620 formam
739 2581 806 2633 pristi-

45 2679 46 2682 ,
64 2661 110 2687 nam
127 2648 160 2685 est
174 2639 299 2687 restitutus.“
328 2647 394 2693 Quam
410 2647 475 2700 ipsam
489 2661 567 2700 quoque
582 2663 624 2688 rem
640 2650 733 2689 subtilius
746 2661 806 2700 quam

34 2749 41 2758 s
64 2715 200 2768 Apollodorus
219 2716 301 2755 tradidit
321 2716 421 2768 Phlegon:
442 2711 503 2770 ὄφεις
517 2711 589 2757 ἰδόντα
603 2712 738 2768 operatorem
752 2717 806 2771 τρῶ-
