1780 2936
382 113 437 155 Caput
450 109 483 146 IX.v
498 135 500 138 -
762 97 803 136 205

421 214 443 262 4.

121 298 214 339 Alterum
229 299 266 339 hoc
281 298 360 338 subiicit
369 298 544 350 'Recognitionnm
555 297 622 345 locus,
639 296 662 335 ut
673 265 767 335 *dicamus
780 293 806 333 de

65 365 222 407 CLEMENTIS
238 365 350 407 nollunt
364 366 438 407 lioniil.
449 366 474 407 V.
487 367 519 406 15.
534 378 553 418 p.
566 367 606 405 073
622 363 641 403 A
655 364 723 430 uerbis
736 363 778 402 his:
811 376 825 399 e>

102 443 217 494 Διονύσιος
232 443 256 487 δὲ
273 442 331 502 (ἐρᾷ)
345 448 371 487 A
376 443 499 497 υόνιδος,
517 439 638 496 Ἀμπέλου,
651 438 767 497 Ὑμσνοιίυυ,

103 509 284 571 Ἑρμαφροδίτου,
298 507 451 564 Ἀχιλλέως.

66 593 123 639 Quae
149 594 240 633 similiter
264 595 359 645 corrupta
383 595 444 646 atque
469 591 687 645 Aleiphrouisuerba
704 590 720 630 I.
736 592 806 640 39,8

63 653 168 710 Άλυλοις.
183 661 271 702 llleinek.
282 675 301 714 p.
313 664 354 702 108
362 656 389 701 §a
394 660 407 702 δ
411 656 488 710 ωνίυις
497 661 627 701 emaculanda
637 661 685 699 sunt
693 660 731 700 hoe
739 659 807 699 modo:

273 724 393 779 Διόνυσος
408 721 592 779 δδΆδιόνιδος.

65 808 118 863 Nam
128 809 226 850 Adonidis
242 810 342 850 aBaocho
353 810 390 849 cleo
406 810 467 849 amati
482 809 619 862 testimonium
629 809 732 849 Plutarchi
748 808 808 848 habe-

52 868 110 918 inus
121 880 158 919 hoo
169 878 237 931 Symp.
249 879 285 919 IV.
297 879 320 928 5,
331 881 349 918 3:
364 892 383 931 p.
395 880 446 918 194:
468 872 489 918 οἳ
505 874 531 930 δὲ
544 875 664 918 παιδικὰ
678 880 726 918 τοῦ
737 878 808 918 Διο-

65 943 145 988 νυ’σου
160 943 266 1001 γεγονέναι
280 943 380 998 (Ἄδωνιν
391 941 516 998 νομίζουσι).
539 945 633 992 Quocum
643 947 749 986 concinere
759 946 808 986 Pto-

66 1016 165 1056 lemaeum
175 1015 285 1068 Hephaest.
297 1016 322 1056 V.
332 1017 407 1068 pron,
418 1016 456 1054 15:
473 1010 502 1064 ιδς
516 1009 631 1064 Ἄδωνις
641 1010 809 1071 ἀνδρόγυνος

66 1081 175 1138 γενόμενος
189 1081 269 1137 τὰμὲν
284 1080 372 1138 ἀνδρεῖα
386 1080 442 1138 πρὸς
451 1075 582 1139 Ἀφροδίτην
597 1077 705 1137 πράσσειν
720 1080 809 1140 ἐλέγετο,

66 1151 93 1194 τὰ
119 1150 203 1208 θηλυκὰ
228 1150 252 1194 δὲ
275 1150 332 1207 πρὸς
354 1145 484 1197 Ἁσόλλιυνυι
503 1152 588 1192 efficitur
609 1151 702 1205 Orphiois
722 1153 745 1192 ir.
761 1152 808 1193 Νι

61 1217 148 1272 Ἥλιος,
168 1215 191 1262 ὃν
211 1216 319 1263 Διόνυσον
338 1217 452 1276 ἐπίκλησιν
472 1217 591 1262 καλέουσιν.
621 1220 713 1261 Elmeuh.
734 1220 808 1261 Arnob.

66 1290 105 1330 ΙΠ.
117 1294 149 1332 33.
164 1293 242 1349 111104.
272 1289 321 1343 Cup.
336 1290 434 1343 Harpcer.
450 1304 469 1343 p.
482 1293 522 1330 106
534 1303 563 1342 eq.
590 1290 640 1330 llos.
650 1290 715 1330 Nonn.
729 1304 748 1343 p.
760 1292 808 1330 200.

30 1377 32 1380 ·
67 1360 153 1400 Lobeck.
173 1359 272 1412 Aglaoph.
292 1373 311 1412 p.
327 1362 374 1400 296.
409 1358 467 1405 Quae
486 1372 548 1411 quum
567 1359 595 1399 ita
613 1360 663 1410 sint,
681 1359 706 1399 de
728 1357 808 1400 SOHO-

67 1426 169 1468 LIASTA
189 1427 342 1469 THEOORffl
357 1427 405 1467 XV.
422 1430 455 1468 86.
472 1442 491 1481 p.
503 1431 556 1477 397,
568 1430 604 1468 15:
622 1423 666 1468 δττδ
680 1428 744 1482 τριιῦν
759 1423 809 1483 ἐφι-

68 1494 125 1553 λήθη
140 1493 194 1543 Διὸς
213 1498 292 1552 (Δηοῦς
307 1496 369 1536 Paris.
388 1493 422 1536 διὸ
438 1485 656 1552 Gen.),}1pcorlirpg
674 1494 711 1536 τισὶ
730 1497 810 1551 Περσε-1

68 1561 135 1622 φόνης
150 1565 307 1605 dissentiendum
322 1567 354 1605 est
364 1566 389 1605 ab
399 1564 510 1615 Ahrensic,
525 1565 559 1616 qui
570 1566 649 1605 nornine
659 1565 741 1621 Δηοῦς,
756 1567 809 1618 quod

69 1633 194 1675 Gaisfordius
213 1637 234 1674 et
247 1635 366 1674 Duebnerus
380 1634 505 1686 probarunt,
521 1636 588 1686 spreto
605 1634 687 1687 („quo(l
701 1643 767 1687 neque
784 1634 809 1674 de

69 1703 161 1743 Adonide
176 1716 188 1742 a
205 1693 279 1743 Cerere
296 1706 361 1743 amato
374 1703 453 1742 aliunde
465 1705 543 1742 constat
553 1705 574 1742 et
585 1702 689 1743 offensioni
699 1705 731 1742 est
741 1716 809 1743 recon-

69 1772 130 1812 ditius
150 1772 200 1811 illud
218 1785 291 1812 nornen
310 1784 346 1824 pro
357 1768 470 1827 Δήμητρος
475 1773 498 1822 “J
514 1773 563 1811 haee
572 1786 591 1825 p.
603 1774 644 1812 548
656 1775 809 1824 argumentatus

69 1843 111 1880 est:
139 1840 236 1891 „Aurora
260 1840 376 1881 arctissimis
402 1841 488 1880 uinculis
514 1854 560 1880 cunr
579 1841 674 1881 Adonide'
691 1842 759 1881 iuncta
778 1845 810 1882 est

70 1986 106 2009 eum
119 1988 155 2010 esse
168 1976 240 2009 suaserit
253 1986 292 2017 per
306 1975 358 2016 illud,
371 1976 451 2008 nimirum
462 1976 519 2022 περίίι
544 1975 581 2011 Qua
593 1975 622 2008 ille
636 1974 697 2020 ductus
703 1977 768 2009 ratione
776 1977 809 2009 hoe

69 2035 167 2076 proposuit:
183 2034 219 2075 „in
231 2034 275 2066 libro
288 2033 383 2074 Catulli,
397 2034 426 2075 qui
437 2033 547 2066 inscribitur
559 2033 615 2079 περὶ
627 2035 808 2078 praeloquatur&

69 2090 129 2132 Longe
140 2090 187 2122 aliud
198 2093 275 2122 nostrum
287 2092 311 2121 est
322 2090 408 2122 iudicium.
433 2089 489 2125 Quum
505 2091 550 2122 enim
562 2093 579 2121 et
592 2091 630 2132 ipsa
643 2089 674 2121 illa
684 2091 719 2122 tra
724 2091 808 2132 goede-

69 2139 115 2179 runi
124 2147 187 2179 mentio
201 2146 263 2189 [Senot.
272 2147 315 2178 nur.
323 2147 367 2179 Med.
377 2150 403 2186 10,
417 2147 437 2179 de
452 2157 484 2189 quo
493 2146 558 2189 aliquid
566 2146 640 2179 dicemus
648 2148 683 2178 not.
693 2151 723 2188 09,
735 2150 752 2179 et
759 2148 809 2181 Anal.

69 2205 121 2246 Prcp.
131 2204 172 2237 XII.
188 2214 204 2245 p.
214 2204 243 2247 92)
260 2203 392 2246 disserendique
403 2203 448 2236 ratio
459 2204 490 2237 illa
502 2204 569 2246 quidem
581 2214 616 2237 non
628 2203 714 2237 dissimilis
726 2205 750 2246 ei,
768 2215 809 2247 quae

69 2262 143 2294 cernitur
152 2261 198 2305 Hyg.
206 2262 255 2294 Pcet.
262 2262 329 2294 Astron.
337 2260 360 2293 Π.
370 2265 384 2293 2.
397 2271 413 2302 p.
423 2263 461 2293 423.
472 2264 498 2293 13.
512 2271 530 2303 p.
540 2265 584 2302 448,
596 2261 736 2293 Parmenisci
748 2272 809 2295 nomen

70 2322 151 2361 suggerat
168 2319 241 2361 satisque
258 2319 279 2351 ad
295 2317 313 2350 id
330 2319 424 2360 congruant
439 2317 507 2351 litterae
523 2319 614 2361 permim
631 2318 649 2350 id
660 2320 686 2350 est
698 2319 810 2364 pomini,

45 2415 46 2418 Ἴ
70 2376 114 2419 quod
126 2387 157 2418 pro
169 2376 289 2417 parnienisci
305 2376 407 2408 inveterasse
424 2374 451 2407 vel
467 2386 487 2407 eu
498 2376 519 2408 iis
532 2375 574 2407 locis
586 2375 699 2418 intelligitur,
717 2375 735 2407 in
750 2376 810 2418 quibus

70 2435 175 2480 Πιιρμένιος
194 2444 226 2475 pro
241 2436 371 2480 Παρμενίσκος
390 2435 447 2464 entare
468 2433 526 2465 docuit
540 2433 625 2475 Bergkius
641 2432 700 2464 Sched.
718 2432 767 2466 Critt.
780 2434 811 2468 IV.

70 2489 148 2532 (Ephem.
164 2491 221 2533 Autiq.
237 2492 311 2524 Darnist.
329 2490 380 2532 1841)
395 2500 412 2531 p.
424 2493 453 2527 87,
470 2500 501 2522 nec
518 2489 589 2522 obscura
601 2490 624 2521 sit
634 2490 679 2521 fama
693 2490 742 2523 eolo
748 2492 810 2533 gerii

45 2578 46 2581 ,
70 2547 90 2578 ab
102 2548 178 2580 Ausonio
189 2546 256 2591 scripti
266 2541 297 2591 (δυ’
306 2556 339 2589 qno
350 2557 385 2579 non
398 2546 535 2579 commemoravit
545 2546 566 2578 L.
577 2545 675 2579 Dindorfius
688 2547 747 2590 Steph.
759 2549 810 2582 Thes.

69 2602 102 2635 111.
119 2615 136 2647 p.
148 2605 224 2648 482.A),
243 2615 253 2637 a
272 2614 311 2637 vero
328 2604 404 2645 proxime
425 2604 483 2637 abesse
501 2603 568 2636 ridetur
584 2605 626 2635 haee
642 2604 739 2647 corrigendi
755 2605 811 2637 ratio:

71 2661 143 2703 „inveni
159 2661 178 2692 in
194 2661 239 2694 libro
258 2661 378 2701 Graeculi,
398 2651 542 2703 qui'inscribitur
559 2659 701 2693 Parmenisei
720 2661 809 2703 ecloga·
848 2705 850 2707 q

70 2718 104 2750 riu
108 2718 142 2751 m.“
163 2717 204 2759 Ipsa
215 2721 271 2751 autem
279 2718 385 2751 Scholiastae
393 2718 445 2751 verba
457 2719 477 2751 ab
486 2718 562 2751 Usenero
570 2718 643 2751 nondum
652 2719 730 2751 restituta
738 2717 756 2749 in
762 2717 810 2752 aliud

69 2776 136 2816 tempus
145 2775 235 2807 differenda
243 2778 290 2808 sunt:
303 2786 341 2807 narn
351 2785 401 2817 quum
409 2774 483 2816 plurima
496 2774 590 2817 supersint,
602 2775 651 2808 finire
659 2774 736 2808 volumen
744 2774 808 2813 iubeor,
