1780 2936
348 131 350 133 ·
426 121 483 165 Caput
494 121 508 155 1.
828 113 841 152 9

95 230 200 270 crustae
224 228 355 280 mentionem,
380 239 441 282 quam
460 224 609 279 Hertnbergius
631 225 691 266 huius
712 224 842 266 correctionis

95 298 176 340 auctor:
195 297 354 352 „Arboreasque
369 309 439 338 cruces
452 308 493 337 non
507 295 540 336 hio
555 295 619 335 -et
633 296 753 335 curtatos
767 293 789 333 in
803 306 842 333 sua

95 365 137 406 fata
151 369 259 421 paves,“
279 367 327 407 ante
347 378 394 405 eum
412 364 438 414 ii,
464 364 498 418 qui
519 364 638 403 curtatas
653 364 688 402 uel
702 364 841 403 curtantes

95 434 184 475 trabes
199 435 334 488 scripserunt,
348 432 405 473 irrito
420 434 493 472 conatu
506 432 661 481 inchoaverunt,
681 432 711 470 sio
724 433 841 472 restaurare

95 501 171 556 placet,
197 503 221 541 ut
245 503 370 542 arboreas
395 513 490 542 cruces
515 500 555 540 dici
574 501 693 540 statuamus·
706 500 770 540 lectos
783 501 840 552 illos,

96 583 146 623 quos
164 570 308 610 interficiendis
327 570 440 623 hospitibus
461 569 560 609 adhibitos
579 569 643 609 ruisse
658 569 749 609 scribunt
761 569 800 609 Plu
832 594 841 600 -

96 638 145 677 chus
161 638 221 679 Thes.
237 642 274 679 11:
294 636 332 680 τὸν
351 631 505 693 Προκρούστην
526 628 613 689 (ἀνεῖλε)
632 629 757 690 ἀναγκάσας
775 633 841 678 αὑτὸν

95 697 190 747 ἀπισοῦν
205 706 266 755 τοῖς
280 705 457 762 κλιντῆρσιν,
480 701 555 760 ὥσπερ
571 702 622 754 τοὺς
637 701 709 756 ξένους
723 701 805 755 ἐκεῖνος
820 706 841 746 et

95 774 192 828 Hyginus
206 776 245 816 fab.
259 778 287 816 38
303 775 353 816 coni.
367 774 448 815 Baohet
462 773 484 814 in
498 772 556 814 Ovid.
571 772 636 827 Epist.
645 772 663 814 I.
676 775 764 827 p141?
787 774 840 815 Nam

95 856 198 888 crucem
216 857 278 896 quum
298 856 351 896 „pro
372 842 443 894 quovis
463 842 497 883 uel
517 841 615 896 supplicio
629 842 663 882 vel
681 842 788 883 cruciatu“
802 843 842 884 dici
877 869 879 871 -

95 912 200 953 docuerint
214 911 352 964 Sohultingius
366 911 388 951 in
406 910 500 964 Oalpurn.
514 910 603 951 Dedan
618 909 656 951 IV.
668 924 687 964 p.
699 914 739 952 789
753 912 785 962 et,
806 912 841 965 qui

95 995 142 1021 eum
161 980 262 1034 sequitu,
284 980 380 1021 Dukerus
399 980 420 1020 in
438 979 492 1020 Flor.
504 978 534 1028 Π.
550 982 574 1029 2,
590 981 623 1020 25.
640 992 659 1031 p.
674 981 723 1029 237,
744 981 789 1019 tum
801 992 839 1033 pro

95 1063 145 1091 saxo
160 1049 247 1103 Tarpeio
263 1062 275 1090 a
290 1048 368 1090 Seneca
383 1048 504 1090 ControuL
515 1050 535 1089 3.
549 1062 568 1102 p.
583 1050 619 1098 79,
636 1048 662 1087 15
678 1049 700 1089 et
714 1061 751 1101 pro
765 1048 840 1099 tabula,

95 1131 146 1172 quae
166 1118 309 1159 Prometheum
322 1118 398 1171 pictum
413 1118 440 1158 ad
458 1118 563 1171 exemplar
575 1114 668 1170 Olynthii
682 1115 737 1156 senis
750 1116 839 1169 ignibus,

94 1181 224 1237 uerberibus,
244 1187 350 1227 tormentis
369 1187 396 1240 (p.
414 1189 462 1236 227,
478 1186 514 1236 26)
535 1185 613 1226 enecati
632 1185 703 1226 habuit
722 1185 747 1225 ab
767 1185 839 1226 eodem

94 1254 122 1296 X
131 1258 164 1296 34.
174 1269 193 1309 p.
201 1257 249 1307 328,
261 1258 285 1295 9:
300 1255 370 1305 „inter
384 1255 456 1295 altaria
467 1253 558 1307 Olynthii
568 1253 622 1295 senis
637 1250 743 1295 crucem*
752 1254 839 1307 posuit,“

95 1325 126 1374 et,
141 1325 204 1365 atad
220 1323 241 1364 id
256 1325 374 1377 praevortar
388 1323 514 1377 exemplum,
534 1323 587 1377 quod
606 1322 653 1364 huic
669 1324 713 1364 loco
730 1323 838 1364 adiunctis·

94 1393 167 1433 simum
185 1394 229 1443 est,
254 1406 291 1446 pro
312 1405 360 1433 arca
376 1392 455 1445 lignea,
483 1392 515 1433 oui
534 1392 605 1433 ferreis
624 1392 687 1433 clavis
708 1392 839 1446 affigerentur

94 1462 193 1512 damnati,
208 1474 221 1502 a
236 1460 284 1502 Silio
298 1460 370 1503 Italico
385 1461 412 1501 Π.
421 1463 466 1503 344
481 1475 505 1502 eo
518 1462 572 1512 loco,
588 1474 647 1515 quem
661 1461 741 1502 ineam
756 1464 838 1503 senten-

91 1530 140 1571 tiam
154 1530 231 1585 primus
247 1530 356 1584 explicavit
368 1530 497 1584 Dausqueius
507 1531 529 1571 iu
541 1531 585 1571 libr.
596 1530 633 1572 IV.
645 1533 692 1572 539.
703 1544 722 1585 p.
733 1533 775 1573 277
787 1533 837 1572 conf.

39 1616 41 1618 v
91 1597 241 1638 Drakenborch
255 1612 274 1651 p.
290 1601 342 1639 324:
363 1599 432 1650 ,‚vidi,
451 1612 496 1639 oum
515 1600 587 1640 robore
605 1599 696 1653 pendeus
716 1599 838 1654 Hesperiam

91 1679 169 1707 cruce
194 1666 284 1707 sublimis
307 1668 409 1720 spectaret
430 1668 455 1707 ab
479 1668 556 1717 alta‚“
580 1668 668 1721 positam
685 1681 732 1708 esse
752 1669 839 1710 obtinuit

92 1733 206 1776 Gronovius
220 1734 242 1775 in
256 1734 325 1776 Seneo.
343 1736 368 1776 de
388 1735 468 1776 Prouid.
484 1739 502 1777 3.
517 1749 537 1789 p.
551 1738 578 1776 74
599 1736 643 1777 Elz.
673 1735 732 1778 Unde
752 1741 838 1792 apparet

92 1805 147 1844 certe
164 1804 235 1844 eodem
254 1804 309 1855 iure,
335 1818 374 1857 quo
397 1805 492 1845 arboreas
516 1817 586 1845 cruces
610 1817 657 1846 csse
684 1804 758 1845 Sinidis
778 1806 837 1859 pinos

92 1873 183 1927 plerique
200 1878 340 1926 sumpserunt,
366 1873 412 1913 illas
432 1886 503 1913 cruces
520 1873 607 1927 intelligi
626 1873 747 1915 Procrustes
768 1875 838 1915 lectos.

94 1942 154 1988 Quod
175 1954 188 1981 a
208 1941 312 1995 Propertio
335 1942 411 1982 factum
436 1955 482 1982 esse
507 1955 561 1994 nego
583 1944 702 1997 propterea,
726 1943 781 1996 quod
799 1956 838 1984 uec

92 2012 146 2052 inter
168 2011 276 2051 arbores
297 2010 429 2062 (arboreas
449 2011 548 2063 cruces)
569 2012 590 2051 et
612 2012 702 2051 trabes
727 2013 761 2064 (in
782 2014 839 2054 sata

19 2109 21 2111 -
94 2079 197 2131 curvatas)
214 2079 322 2141 quidquam
335 2079 402 2120 differt
415 2092 453 2120 neo
467 2080 496 2130 is,
511 2079 545 2133 qui
559 2081 688 2121 arboreas
702 2083 747 2131 vel,
762 2083 786 2122 ut
800 2083 838 2123 hoc

94 2161 172 2201 quoque
191 2148 313 2199 largiamur,
338 2150 464 2188 roboreas
485 2161 556 2188 cruces
576 2148 675 2201 loquitur,
695 2151 738 2190 tam
756 2151 839 2192 definite

94 2216 228 2270 distincteque
240 2217 336 2269 designat
348 2217 469 2258 Procrustae
483 2218 557 2269 rectos,
572 2230 633 2270 quam
648 2220 714 2260 scelus
725 2218 800 2260 Sinidis
814 2221 838 2273 is,

94 2286 127 2338 qui
142 2278 271 2326 curuatas
284 2287 353 2326 trabes
369 2287 516 2327 commemorat.
545 2286 590 2328 Neo
603 2287 636 2328 hio
649 2288 732 2341 prodest
743 2288 771 2339 id,
785 2291 839 2342 quod

93 2354 115 2393 in
133 2354 245 2395 Dresdensi
264 2354 315 2395 libro
335 2356 433 2408 scriptum
450 2356 564 2396 inuenitur:
591 2356 741 2409 (arboreasque)
762 2360 839 2398 cutes

95 2426 214 2464 convortere
228 2424 249 2463 in
268 2423 346 2464 tudes
367 2423 435 2476 (Actu
449 2438 468 2464 u.
484 2425 532 2465 557.
546 2426 596 2465 conf.
610 2424 697 2464 Martial
711 2425 750 2466 111.
762 2428 796 2478 58,
811 2431 839 2468 10
855 2444 857 2447 ’

94 2496 182 2533 truces
198 2493 257 2533 tauri.
282 2493 342 2533 Voss.
358 2494 469 2546 trudes),
491 2494 563 2546 quibus
583 2493 702 2534 Procrustes
721 2508 772 2535 usus
793 2508 840 2536 esse

95 2561 160 2602 videri
175 2561 241 2614 possit
254 2562 369 2603 recordanti
389 2565 410 2603 et
429 2563 574 2615 consideranti,
595 2576 656 2615 quam
676 2577 721 2604 rem
736 2564 852 2620 Euripidis

95 2631 156 2685 Hipp.
172 2631 214 2671 974
232 2629 344 2671 Scholiasta
362 2632 492 2672 Florentinus
507 2645 526 2686 p.
541 2634 590 2672 493.
604 2634 646 2673 not.
663 2636 685 2674 b:
709 2626 752 2685 εἶχε
772 2627 840 2689 κράβ-

96 2701 162 2754 placor
183 2695 222 2741 ἀνὰ
245 2694 311 2753 μέσον
331 2702 368 2756 τῆς
390 2696 441 2742 ὁδοῦ
463 2701 494 2753 (ut
508 2700 542 2741 uia
556 2701 614 2755 quasi
629 2702 715 2756 quadam
731 2703 840 2743 arborea
