1780 2936
360 100 415 142 Caput
426 99 459 132 HL
760 91 786 130 53

42 204 127 256 aliisque
142 203 190 244 Met.
208 205 220 244 l.
231 206 249 244 d.
271 206 291 245 et
308 206 329 244 in
343 204 453 245 Bodleiano
470 203 574 244 Claudiani
593 204 659 244 Rufio.
669 204 686 244 Ι.
697 205 739 244 252
756 217 787 257 ap.

42 274 149 313 Burmann.
169 274 189 313 in
205 272 263 314 Ouid.
280 275 292 313 l.
308 276 325 314 d.
343 276 420 327 11502.
442 274 519 313 cenis.
542 272 607 313 Vatic.
627 287 666 314 sec.
683 273 787 315 Claudiam

42 358 61 397 p.
77 345 118 383 754
141 343 219 394 (cinis
243 343 326 383 Putean.
351 344 371 382 et
397 342 486 382 Senecae
506 341 560 382 Flor.
577 342 635 382 Herc.
656 342 700 383 Oet.
716 346 786 397 1393),

43 413 134 465 Scynis
153 412 224 452 lieret.
245 426 274 464 pr.
291 410 368 451 Scinis
388 412 409 450 in
424 412 465 451 cod.
481 409 532 450 Gall.
549 410 578 451 Ib.
593 412 635 450 ld.
651 413 680 461 et,
698 415 722 452 nt
739 413 787 453 dicit

42 482 157 535 Leopoldns
179 482 200 520 in
219 480 319 519 Plutarch.
341 479 400 518 Thes.
411 479 470 518 vni.
482 483 501 518 2,
521 494 540 533 p.
557 483 595 529 13,
617 481 671 532 apud
690 481 787 521 Senecam

42 551 122 608 Hippoi.
137 552 191 589 1169
211 550 232 588 01
250 548 271 587 in
291 548 335 587 aliis
356 548 447 600 plurimis
467 548 522 587 libris
538 547 608 588 Heins.
627 549 648 588 in
664 547 722 588 Ovid.
738 550 786 590 Her.

42 620 69 660 Il.
86 621 118 659 69.
138 632 156 670 p.
173 621 211 666 21,
233 630 317 668 quorum
337 617 432 656 librorum
453 616 513 656 fidem
532 617 648 670 reprobavit
667 616 788 670 Hartungus

42 689 114 727 Decur.
124 686 231 736 11.1,2r.
253 699 271 738 p.
288 688 335 725 669.
360 686 429 737 Lamp.
449 683 506 725 Grut.
522 685 561 735 IL,
583 686 724 738 vituperarent
745 686 788 727 Sal-

42 756 130 807 vagnius
144 755 165 794 in
179 755 208 794 lb.
219 756 267 794 409.
284 767 303 806 p.
315 756 357 793 100
374 756 395 793 et
411 753 579 794 Hemsterhusins
594 754 615 793 in
631 754 712 795 Lucian.
722 755 788 795 Prom.

42 839 61 879 p.
73 826 120 864 224.
141 822 223 872 V01.1.;
247 836 294 862 nam
315 823 412 874 numquid
426 821 548 876 Sylburgins
568 824 589 862 in
603 824 666 863 Arist.
679 824 787 864 Rhetlll.

42 907 61 946 p.
73 896 114 933 123
133 892 265 943 [Wesseling.
285 891 306 930 in
319 891 400 931 Diodor.
411 891 448 931 IV.
468 905 488 944 p.
499 895 553 941 303,
565 894 600 940 92)
616 894 636 931 et
651 892 752 932 Meursius
767 893 788 933 in

44 962 102 1002 Thes.
122 961 199 1013 oapV.
224 960 250 999 de
269 972 293 1000 ea
311 961 409 1000 varietate
431 961 529 1012 dixerint,
554 961 700 1014 incompertum
719 963 788 1002 habeo.

43 1031 121 1071 Verum
138 1032 197 1069 erunt
211 1030 308 1079 fortasse,
323 1030 395 1080 quibus
411 1029 551 1069 verisimiliora
566 1030 595 1069 sic
610 1031 667 1082 sequi
677 1031 789 1081 uideamur,

44 1100 61 1139 si
81 1099 185 1140 Claudiani
204 1099 330 1151 potissimum
348 1098 397 1138 locis
416 1098 462 1137 freti
479 1098 539 1150 idyll.
554 1098 569 1138 Ι.
587 1102 623 1138 6οε
645 1099 790 1152 Consumitque

44 1180 134 1207 senem.
163 1167 223 1207 Voss.
243 1167 312 1206 Petav.
334 1180 362 1219 pr.
382 1179 473 1206 necem
492 1169 513 1206 et
528 1167 555 1206 Π.
571 1171 608 1207 14:
628 1169 708 1208 vices.
733 1169 789 1209 Rott.

43 1248 120 1275 neces
137 1237 175 1275 hcc
196 1236 262 1274 solum
280 1235 406 1288 disputemus
427 1249 516 1275 cenem
533 1236 561 1286 (id
579 1239 621 1287 est,
642 1239 788 1277 1111010110-

25 1314 27 1316 ·
43 1305 209 1354 monstrauimus,
224 1318 319 1354 senem,
335 1303 409 1354 Sinite,
425 1303 512 1355 Sinin)
523 1318 547 1344 ea
557 1307 700 1358 pronuntiandi
709 1307 789 1347 litteras

43 1374 167 1423 temeritate,
188 1374 213 1412 de
228 1386 267 1426 qua
282 1373 411 1412 existimatur
428 1387 454 1412 ex
467 1373 510 1412 loco
522 1373 598 1413 Valerii
609 1373 693 1414 Maximi
703 1375 728 1414 V.
740 1379 759 1425 3,
770 1379 788 1415 2.

44 1444 122 1483 cives.
138 1443 194 1483 codd.
210 1442 275 1495 Kapp.
290 1455 309 1495 p.
321 1445 362 1482 317
378 1442 431 1481 vici
447 1444 468 1481 et
482 1442 527 1482 aliis
543 1444 719 1496 quamplurimis,
738 1458 788 1498 qnos

42 1512 173 1553 indicabimus
192 1512 213 1551 in
231 1511 307 1552 Cinnae
328 1512 474 1551 commentariis
490 1512 533 1551 libr.
544 1511 560 1550 Ι.
580 1512 671 1565 capili.
683 1516 731 1565 3,5.
748 1517 788 1555 not.

44 1584 97 1633 109,
113 1594 174 1633 quum
187 1578 306 1633 praesertim
321 1579 387 1619 Ouidii
401 1579 450 1619 Met.
462 1580 509 1619 VH.
525 1583 580 1620 439:
595 1579 738 1635 Cercyonis
751 1585 789 1622 le·
803 1615 805 1618 ι

43 1653 94 1704 tum
108 1650 205 1688 memoria
219 1662 259 1688 non
274 1650 340 1688 animo
355 1650 425 1700 modo,
443 1650 480 1688 sed
494 1663 558 1702 prope
569 1652 631 1690 oculis
642 1653 790 1703 obuersaretur,

43 1720 118 1759 factum
133 1731 179 1757 esse
194 1731 293 1767 neceni,
307 1718 354 1757 inde
369 1718 470 1757 evaluisse
486 1719 512 1757 ad
523 1720 664 1771 proferendam
679 1724 740 1773 atque
755 1721 789 1760 arl-

44 1787 168 1828 sciscendam
191 1800 262 1826 rocem
280 1788 419 1839 peregerit
444 1787 506 1838 (illam
533 1788 612 1840 quidem
633 1788 709 1829 formae
732 1791 790 1836 rerbi

43 1856 228 1897 interemisset
247 1857 333 1895 nrultum
354 1857 468 1908 disparem).
504 1855 538 1896 Ad
556 1870 616 1909 quam
634 1858 699 1910 ipsam
718 1872 789 1899 vocem

44 1926 167 1979 gignendam
187 1928 235 1977 apta
257 1926 328 1977 aliquis
345 1925 420 1964 dixerit
435 1938 459 1964 ca
473 1926 547 1974 fuisse,
568 1938 619 1977 qnae
635 1940 675 1966 non
689 1928 789 1968 immerito

45 1996 153 2048 suspiceris
174 1995 269 2047 explendi
292 1994 377 2034 nominis
399 1994 596 2047 (Periphletam
615 1996 681 2047 gratia
697 1998 789 2037 extitisse

44 2066 65 2104 in
80 2065 171 2116 margine
186 2064 291 2116 adscripta.
323 2061 418 2103 Ceterum
433 2064 458 2102 de
472 2064 509 2113 iis,
525 2077 577 2115 quae
587 2063 608 2103 in
617 2064 712 2116 principio
723 2066 790 2117 posita

44 2135 136 2184 fuerunt,
160 2134 217 2172 tanta
240 2133 293 2172 facta
314 2134 347 2171 est
368 2133 494 2184 quarundam
517 2132 641 2185 syllabarum
660 2133 790 2175 similitudine

45 2202 165 2250 deminutio,
189 2203 212 2240 ut
238 2214 289 2252 quae
315 2202 337 2239 in
362 2202 414 2240 hanc
443 2201 530 2253 speciem
556 2204 656 2242 coarctata
678 2203 789 2243 cernimus:

45 2271 229 2324 „quemadmodum
253 2271 358 2309 taurum
381 2270 573 2310 Marathonium
595 2271 741 2322 interemisset,
762 2275 791 2313 ut

29 2341 126 2388 ,etiam
144 2340 293 2389 Procrusten“,
314 2340 354 2379 iam
372 2340 413 2379 suis
431 2341 523 2393 partibus
542 2341 642 2394 explenda
662 2342 702 2381 sint
723 2344 744 2381 et
765 2342 791 2381 ad

45 2412 97 2451 hanc
121 2410 272 2462 amplitudinem
296 2410 425 2450 extendenda
445 2411 507 2461 (conf.
526 2423 567 2463 cap.
581 2409 662 2461 H.4.):
688 2413 791 2452 taurum

46 2479 219 2521 Marathonium
238 2483 259 2517 et
281 2491 371 2531 aprum
393 2478 574 2532 Orcmycninm
596 2479 743 2531 interemisset,
768 2483 791 2520 ut

47 2551 107 2590 etiam
122 2548 283 2601 Periplretam,
298 2547 444 2588 Procrusten.“

114 2618 199 2667 Restat,
214 2618 238 2656 ut
251 2617 367 2667 videamus,
383 2631 435 2669 qnae
451 2618 532 2658 tandem
547 2618 572 2657 de
589 2616 658 2657 Sinide
672 2617 791 2658 Lactantius

48 2688 144 2729 retulerit.
173 2685 249 2739 Nequit
268 2687 337 2726 autem
357 2687 456 2737 dubitari,
475 2687 522 2740 qnin
540 2699 581 2726 non
601 2687 723 2727 hostibus
742 2690 791 2739 (aut,

48 2758 199 2798 ut'voluerunt
212 2755 321 2796 Rainerius
341 2758 362 2796 et
377 2755 473 2796 Bartlrius
493 2757 506 2796 l.
517 2758 545 2807 d.,
566 2758 703 2811 postibus)
722 2758 791 2797 trabes
