<?xml version="1.0" encoding="UTF-8"?>
<!DOCTYPE html PUBLIC "-//W3C//DTD XHTML 1.0 Transitional//EN"
    "http://www.w3.org/TR/xhtml1/DTD/xhtml1-transitional.dtd">
<html xmlns="http://www.w3.org/1999/xhtml" xml:lang="en" lang="en">
 <head>
  <title>
</title>
<meta http-equiv="Content-Type" content="text/html;charset=utf-8" />
  <meta name='ocr-system' content='tesseract 3.04.00' />
  <meta name='ocr-capabilities' content='ocr_page ocr_carea ocr_par ocr_line ocrx_word'/>
</head>
<body>
  <div class='ocr_page' id='page_1' title='image "MN40028ucmf_5_0107.png"; bbox 0 0 1780 2936; ppageno 0'>
   <div class='ocr_carea' id='block_1_1' title="bbox 403 76 818 132">
    <p class='ocr_par' dir='ltr' id='par_1_1' title="bbox 403 76 818 132">
     <span class='ocr_line' id='line_1_1' title="bbox 403 76 818 132; baseline -0.005 -9"><span class='ocrx_word' id='word_1_1' title='bbox 403 90 458 132; x_wconf 76' lang='lat' dir='ltr'>Caput</span> <span class='ocrx_word' id='word_1_2' title='bbox 468 88 488 122; x_wconf 66' lang='lat' dir='ltr'>V,</span> <span class='ocrx_word' id='word_1_3' title='bbox 791 76 818 114; x_wconf 75' lang='lat'>87</span> 
     </span>
    </p>
   </div>
   <div class='ocr_carea' id='block_1_2' title="bbox 34 183 818 2036">
    <p class='ocr_par' dir='ltr' id='par_1_2' title="bbox 34 183 818 2036">
     <span class='ocr_line' id='line_1_2' title="bbox 75 183 818 242; baseline -0.005 -9"><span class='ocrx_word' id='word_1_4' title='bbox 75 195 149 234; x_wconf 87' lang='lat' dir='ltr'>homini</span> <span class='ocrx_word' id='word_1_5' title='bbox 169 183 306 235; x_wconf 59' lang='lat' dir='ltr'>aeeubuisses</span> <span class='ocrx_word' id='word_1_6' title='bbox 328 195 374 242; x_wconf 74' lang='lat' dir='ltr'>Qua</span> <span class='ocrx_word' id='word_1_7' title='bbox 392 197 463 235; x_wconf 88' lang='lat' dir='ltr'>eadem</span> <span class='ocrx_word' id='word_1_8' title='bbox 475 195 559 234; x_wconf 69' lang='lat' dir='ltr'>‚ratione</span> <span class='ocrx_word' id='word_1_9' title='bbox 573 194 655 233; x_wconf 82' lang='lat' dir='ltr'>Aseanii</span> <span class='ocrx_word' id='word_1_10' title='bbox 673 193 730 232; x_wconf 81' lang='lat' dir='ltr'>fluuii</span> <span class='ocrx_word' id='word_1_11' title='bbox 745 204 818 230; x_wconf 88' lang='lat' dir='ltr'>nomen</span> 
     </span>
     <span class='ocr_line' id='line_1_3' title="bbox 75 260 818 317; baseline -0.003 -16"><span class='ocrx_word' id='word_1_12' title='bbox 75 263 135 315; x_wconf 70' lang='grc'>120,</span> <span class='ocrx_word' id='word_1_13' title='bbox 148 267 178 315; x_wconf 75' lang='grc'>4,’</span> <span class='ocrx_word' id='word_1_14' title='bbox 195 267 218 304; x_wconf 84' lang='lat' dir='ltr'>ut</span> <span class='ocrx_word' id='word_1_15' title='bbox 236 266 288 305; x_wconf 83' lang='lat' dir='ltr'>infra</span> <span class='ocrx_word' id='word_1_16' title='bbox 306 266 404 315; x_wconf 75' lang='lat' dir='ltr'>disemus,</span> <span class='ocrx_word' id='word_1_17' title='bbox 429 265 517 317; x_wconf 89' lang='lat' dir='ltr'>positum</span> <span class='ocrx_word' id='word_1_18' title='bbox 538 265 570 302; x_wconf 90' lang='lat' dir='ltr'>est</span> <span class='ocrx_word' id='word_1_19' title='bbox 589 264 609 302; x_wconf 92' lang='lat' dir='ltr'>in</span> <span class='ocrx_word' id='word_1_20' title='bbox 629 263 729 302; x_wconf 73' lang='lat' dir='ltr'>mentione</span> <span class='ocrx_word' id='word_1_21' title='bbox 749 260 818 313; x_wconf 84' lang='lat' dir='ltr'>Hylae</span> 
     </span>
     <span class='ocr_line' id='line_1_4' title="bbox 75 330 817 387; baseline -0.004 -15"><span class='ocrx_word' id='word_1_22' title='bbox 75 334 151 373; x_wconf 86' lang='lat' dir='ltr'>abaetis</span> <span class='ocrx_word' id='word_1_23' title='bbox 170 334 248 374; x_wconf 81' lang='lat' dir='ltr'>Boreae</span> <span class='ocrx_word' id='word_1_24' title='bbox 268 335 314 374; x_wconf 85' lang='lat' dir='ltr'>filiis</span> <span class='ocrx_word' id='word_1_25' title='bbox 333 348 345 374; x_wconf 96' lang='lat' dir='ltr'>a</span> <span class='ocrx_word' id='word_1_26' title='bbox 364 334 464 387; x_wconf 76' lang='lat' dir='ltr'><strong>Nymphis</strong></span> <span class='ocrx_word' id='word_1_27' title='bbox 484 333 632 385; x_wconf 86' lang='lat' dir='ltr'>Hydriasin</span> <span class='ocrx_word' id='word_1_28' title='bbox 652 332 697 383; x_wconf 77' lang='lat' dir='ltr'>(An.</span> <span class='ocrx_word' id='word_1_29' title='bbox 711 331 769 383; x_wconf 87' lang='lat' dir='ltr'>Prop.</span> <span class='ocrx_word' id='word_1_30' title='bbox 780 330 817 370; x_wconf 86' lang='lat' dir='ltr'>IV.</span> 
     </span>
     <span class='ocr_line' id='line_1_5' title="bbox 74 401 817 456; baseline -0.007 -13"><span class='ocrx_word' id='word_1_31' title='bbox 74 417 92 455; x_wconf 92' lang='lat' dir='ltr'>p.</span> <span class='ocrx_word' id='word_1_32' title='bbox 104 406 131 443; x_wconf 85' lang='grc'>27</span> <span class='ocrx_word' id='word_1_33' title='bbox 143 406 179 456; x_wconf 86' lang='lat' dir='ltr'>sq.)</span> <span class='ocrx_word' id='word_1_34' title='bbox 190 404 241 444; x_wconf 82' lang='lat' dir='ltr'>olam</span> <span class='ocrx_word' id='word_1_35' title='bbox 252 405 368 456; x_wconf 81' lang='lat' dir='ltr'>oooutteque</span> <span class='ocrx_word' id='word_1_36' title='bbox 378 405 436 456; x_wconf 91' lang='lat' dir='ltr'>rapti.</span> <span class='ocrx_word' id='word_1_37' title='bbox 457 403 517 452; x_wconf 74' lang='lat' dir='ltr'>onio,</span> <span class='ocrx_word' id='word_1_38' title='bbox 528 402 581 454; x_wconf 89' lang='lat' dir='ltr'>quod</span> <span class='ocrx_word' id='word_1_39' title='bbox 590 401 644 440; x_wconf 84' lang='lat' dir='ltr'>ittam</span> <span class='ocrx_word' id='word_1_40' title='bbox 652 401 817 452; x_wconf 70' lang='lat' dir='ltr'>Hamadryadum</span> 
     </span>
     <span class='ocr_line' id='line_1_6' title="bbox 76 470 817 525; baseline -0.005 -13"><span class='ocrx_word' id='word_1_41' title='bbox 76 471 226 525; x_wconf 82' lang='lat' dir='ltr'>Silenorumque</span> <span class='ocrx_word' id='word_1_42' title='bbox 242 472 374 524; x_wconf 70' lang='lat' dir='ltr'>frequentiam</span> <span class='ocrx_word' id='word_1_43' title='bbox 390 472 463 511; x_wconf 78' lang='lat' dir='ltr'>inferre</span> <span class='ocrx_word' id='word_1_44' title='bbox 478 471 619 510; x_wconf 88' lang='lat' dir='ltr'>immodestum</span> <span class='ocrx_word' id='word_1_45' title='bbox 634 471 694 521; x_wconf 88' lang='lat' dir='ltr'>atque</span> <span class='ocrx_word' id='word_1_46' title='bbox 708 470 817 509; x_wconf 86' lang='lat' dir='ltr'>absurdum</span> 
     </span>
     <span class='ocr_line' id='line_1_7' title="bbox 74 529 816 594; baseline -0.004 -14"><span class='ocrx_word' id='word_1_47' title='bbox 74 529 112 581; x_wconf 84' lang='lat' dir='ltr'>fuit</span> <span class='ocrx_word' id='word_1_48' title='bbox 125 545 242 594; x_wconf 84' lang='lat' dir='ltr'>propterea,</span> <span class='ocrx_word' id='word_1_49' title='bbox 256 541 309 592; x_wconf 89' lang='lat' dir='ltr'>quod</span> <span class='ocrx_word' id='word_1_50' title='bbox 326 554 375 579; x_wconf 90' lang='lat' dir='ltr'>non</span> <span class='ocrx_word' id='word_1_51' title='bbox 389 542 469 579; x_wconf 84' lang='lat' dir='ltr'>semel</span> <span class='ocrx_word' id='word_1_52' title='bbox 485 540 586 580; x_wconf 75' lang='lat' dir='ltr'>Venerem</span> <span class='ocrx_word' id='word_1_53' title='bbox 602 539 720 578; x_wconf 85' lang='lat' dir='ltr'>aooubuisse</span> <span class='ocrx_word' id='word_1_54' title='bbox 731 540 816 586; x_wconf 74' lang='lat' dir='ltr'>constat,</span> 
     </span>
     <span class='ocr_line' id='line_1_8' title="bbox 75 608 816 661; baseline -0.004 -13"><span class='ocrx_word' id='word_1_55' title='bbox 75 622 127 661; x_wconf 86' lang='lat' dir='ltr'>qnae</span> <span class='ocrx_word' id='word_1_56' title='bbox 146 610 227 660; x_wconf 88' lang='lat' dir='ltr'>quidem</span> <span class='ocrx_word' id='word_1_57' title='bbox 247 610 276 648; x_wconf 82' lang='lat' dir='ltr'>sie</span> <span class='ocrx_word' id='word_1_58' title='bbox 295 609 316 648; x_wconf 87' lang='lat' dir='ltr'>in</span> <span class='ocrx_word' id='word_1_59' title='bbox 335 608 436 649; x_wconf 72' lang='lat' dir='ltr'>Anchisae</span> <span class='ocrx_word' id='word_1_60' title='bbox 456 609 547 660; x_wconf 75' lang='lat' dir='ltr'>ooniugio</span> <span class='ocrx_word' id='word_1_61' title='bbox 573 608 636 647; x_wconf 82' lang='lat' dir='ltr'>fuisse</span> <span class='ocrx_word' id='word_1_62' title='bbox 654 608 729 656; x_wconf 70' lang='lat' dir='ltr'>fertur,</span> <span class='ocrx_word' id='word_1_63' title='bbox 753 610 776 646; x_wconf 87' lang='lat' dir='ltr'>ut</span> <span class='ocrx_word' id='word_1_64' title='bbox 796 608 816 645; x_wconf 90' lang='lat' dir='ltr'>in</span> 
     </span>
     <span class='ocr_line' id='line_1_9' title="bbox 74 675 817 730; baseline -0.004 -13"><span class='ocrx_word' id='word_1_65' title='bbox 74 679 151 717; x_wconf 85' lang='lat' dir='ltr'>Paridis</span> <span class='ocrx_word' id='word_1_66' title='bbox 167 679 259 729; x_wconf 76' lang='lat' dir='ltr'>coniugio</span> <span class='ocrx_word' id='word_1_67' title='bbox 276 676 364 727; x_wconf 83' lang='lat' dir='ltr'>Oenone,</span> <span class='ocrx_word' id='word_1_68' title='bbox 380 679 405 717; x_wconf 91' lang='lat' dir='ltr'>de</span> <span class='ocrx_word' id='word_1_69' title='bbox 423 691 462 730; x_wconf 86' lang='lat' dir='ltr'>qua</span> <span class='ocrx_word' id='word_1_70' title='bbox 473 676 557 717; x_wconf 75' lang='lat' dir='ltr'>Ouidius</span> <span class='ocrx_word' id='word_1_71' title='bbox 568 677 615 716; x_wconf 91' lang='lat' dir='ltr'>Her.</span> <span class='ocrx_word' id='word_1_72' title='bbox 627 677 651 715; x_wconf 73' lang='lat' dir='ltr'>V.</span> <span class='ocrx_word' id='word_1_73' title='bbox 664 680 701 717; x_wconf 79' lang='lat'>13:</span> <span class='ocrx_word' id='word_1_74' title='bbox 716 675 817 727; x_wconf 82' lang='lat' dir='ltr'>⁷,Saepe</span> 
     </span>
     <span class='ocr_line' id='line_1_10' title="bbox 74 746 817 802; baseline -0.003 -17"><span class='ocrx_word' id='word_1_75' title='bbox 74 748 255 802; x_wconf 77' lang='lat' dir='ltr'>gregesinter</span> <span class='ocrx_word' id='word_1_76' title='bbox 270 747 449 800; x_wconf 66' lang='lat' dir='ltr'>requievimus</span> <span class='ocrx_word' id='word_1_77' title='bbox 464 748 557 786; x_wconf 86' lang='lat' dir='ltr'>arbore</span> <span class='ocrx_word' id='word_1_78' title='bbox 576 746 643 785; x_wconf 85' lang='lat' dir='ltr'>teeti</span> <span class='ocrx_word' id='word_1_79' title='bbox 657 746 762 797; x_wconf 72' lang='lat' dir='ltr'>Mixtaque</span> <span class='ocrx_word' id='word_1_80' title='bbox 773 759 817 784; x_wconf 87' lang='lat' dir='ltr'>oum</span> 
     </span>
     <span class='ocr_line' id='line_1_11' title="bbox 73 815 817 869; baseline -0.003 -15"><span class='ocrx_word' id='word_1_81' title='bbox 73 816 125 855; x_wconf 81' lang='lat' dir='ltr'>sotiis</span> <span class='ocrx_word' id='word_1_82' title='bbox 147 816 240 868; x_wconf 86' lang='lat' dir='ltr'>praebuit</span> <span class='ocrx_word' id='word_1_83' title='bbox 258 817 320 855; x_wconf 89' lang='lat' dir='ltr'>herba</span> <span class='ocrx_word' id='word_1_84' title='bbox 339 819 410 856; x_wconf 87' lang='lat' dir='ltr'>torum.</span> <span class='ocrx_word' id='word_1_85' title='bbox 442 815 507 869; x_wconf 89' lang='lat' dir='ltr'>Saepe</span> <span class='ocrx_word' id='word_1_86' title='bbox 531 829 592 867; x_wconf 89' lang='lat' dir='ltr'>super</span> <span class='ocrx_word' id='word_1_87' title='bbox 611 817 699 854; x_wconf 87' lang='lat' dir='ltr'>stramen</span> <span class='ocrx_word' id='word_1_88' title='bbox 719 815 817 865; x_wconf 84' lang='lat' dir='ltr'>foenoque</span> 
     </span>
     <span class='ocr_line' id='line_1_12' title="bbox 73 884 818 937; baseline -0.004 -13"><span class='ocrx_word' id='word_1_89' title='bbox 73 886 187 925; x_wconf 88' lang='lat' dir='ltr'>iaoentihus</span> <span class='ocrx_word' id='word_1_90' title='bbox 204 887 244 925; x_wconf 89' lang='lat' dir='ltr'>alto</span> <span class='ocrx_word' id='word_1_91' title='bbox 259 886 348 925; x_wconf 82' lang='lat' dir='ltr'>Defensa</span> <span class='ocrx_word' id='word_1_92' title='bbox 363 889 395 926; x_wconf 84' lang='lat' dir='ltr'>est</span> <span class='ocrx_word' id='word_1_93' title='bbox 410 887 479 925; x_wconf 83' lang='lat' dir='ltr'>humili</span> <span class='ocrx_word' id='word_1_94' title='bbox 494 898 544 925; x_wconf 85' lang='lat' dir='ltr'>eana</span> <span class='ocrx_word' id='word_1_95' title='bbox 559 885 631 937; x_wconf 88' lang='lat' dir='ltr'>pruina</span> <span class='ocrx_word' id='word_1_96' title='bbox 646 897 698 923; x_wconf 85' lang='lat' dir='ltr'>oasa</span> <span class='ocrx_word' id='word_1_97' title='bbox 713 907 741 911; x_wconf 91' lang='lat'><strong>—</strong></span> <span class='ocrx_word' id='word_1_98' title='bbox 757 884 818 922; x_wconf 81' lang='lat' dir='ltr'>Retia</span> 
     </span>
     <span class='ocr_line' id='line_1_13' title="bbox 74 953 817 1006; baseline -0.003 -13"><span class='ocrx_word' id='word_1_99' title='bbox 74 967 136 1006; x_wconf 84' lang='lat' dir='ltr'>saepe</span> <span class='ocrx_word' id='word_1_100' title='bbox 151 967 217 994; x_wconf 83' lang='lat' dir='ltr'>eomes</span> <span class='ocrx_word' id='word_1_101' title='bbox 230 956 313 994; x_wconf 80' lang='lat' dir='ltr'>maeotis</span> <span class='ocrx_word' id='word_1_102' title='bbox 328 956 421 994; x_wconf 76' lang='lat' dir='ltr'>distinete</span> <span class='ocrx_word' id='word_1_103' title='bbox 436 955 522 1003; x_wconf 76' lang='lat' dir='ltr'>tetendi,</span> <span class='ocrx_word' id='word_1_104' title='bbox 539 953 604 1006; x_wconf 82' lang='lat' dir='ltr'>Saepe</span> <span class='ocrx_word' id='word_1_105' title='bbox 618 954 668 993; x_wconf 75' lang='lat' dir='ltr'>citos</span> <span class='ocrx_word' id='word_1_106' title='bbox 679 954 712 1004; x_wconf 77' lang='lat' dir='ltr'>egi</span> <span class='ocrx_word' id='word_1_107' title='bbox 722 966 758 1005; x_wconf 91' lang='lat' dir='ltr'>per</span> <span class='ocrx_word' id='word_1_108' title='bbox 768 953 817 1003; x_wconf 76' lang='lat' dir='ltr'>iuga</span> 
     </span>
     <span class='ocr_line' id='line_1_14' title="bbox 34 1023 817 1076; baseline -0.003 -14"><span class='ocrx_word' id='word_1_109' title='bbox 34 1039 36 1041; x_wconf 95' lang='lat'>·</span> <span class='ocrx_word' id='word_1_110' title='bbox 73 1024 135 1074; x_wconf 77' lang='lat' dir='ltr'>longa</span> <span class='ocrx_word' id='word_1_111' title='bbox 157 1026 238 1063; x_wconf 77' lang='lat' dir='ltr'>canes“.</span> <span class='ocrx_word' id='word_1_112' title='bbox 272 1025 295 1063; x_wconf 78' lang='lat' dir='ltr'>of.</span> <span class='ocrx_word' id='word_1_113' title='bbox 314 1027 377 1064; x_wconf 76' lang='lat' dir='ltr'>n87,</span> <span class='ocrx_word' id='word_1_114' title='bbox 409 1024 475 1063; x_wconf 85' lang='lat' dir='ltr'>Sabin.</span> <span class='ocrx_word' id='word_1_115' title='bbox 494 1024 558 1076; x_wconf 80' lang='lat' dir='ltr'>Epist.</span> <span class='ocrx_word' id='word_1_116' title='bbox 574 1023 612 1062; x_wconf 86' lang='lat' dir='ltr'>HI.</span> <span class='ocrx_word' id='word_1_117' title='bbox 628 1025 661 1061; x_wconf 74' lang='lat'>14.</span> <span class='ocrx_word' id='word_1_118' title='bbox 689 1023 720 1062; x_wconf 87' lang='lat' dir='ltr'>De</span> <span class='ocrx_word' id='word_1_119' title='bbox 739 1035 777 1074; x_wconf 89' lang='lat' dir='ltr'>qua</span> <span class='ocrx_word' id='word_1_120' title='bbox 795 1034 817 1060; x_wconf 90' lang='lat' dir='ltr'>re</span> 
     </span>
     <span class='ocr_line' id='line_1_15' title="bbox 74 1083 818 1145; baseline -0.001 -14"><span class='ocrx_word' id='word_1_121' title='bbox 74 1083 141 1131; x_wconf 87' lang='lat' dir='ltr'>dedita</span> <span class='ocrx_word' id='word_1_122' title='bbox 161 1105 222 1144; x_wconf 85' lang='lat' dir='ltr'>opera</span> <span class='ocrx_word' id='word_1_123' title='bbox 240 1093 356 1145; x_wconf 85' lang='lat' dir='ltr'>seripsimus</span> <span class='ocrx_word' id='word_1_124' title='bbox 372 1092 431 1132; x_wconf 78' lang='lat' dir='ltr'>Anat.</span> <span class='ocrx_word' id='word_1_125' title='bbox 446 1107 464 1145; x_wconf 86' lang='lat' dir='ltr'>p.</span> <span class='ocrx_word' id='word_1_126' title='bbox 477 1096 503 1132; x_wconf 82' lang='grc'>19</span> <span class='ocrx_word' id='word_1_127' title='bbox 523 1093 612 1131; x_wconf 90' lang='lat' dir='ltr'>nondum</span> <span class='ocrx_word' id='word_1_128' title='bbox 628 1092 715 1144; x_wconf 89' lang='lat' dir='ltr'>separati</span> <span class='ocrx_word' id='word_1_129' title='bbox 731 1104 743 1130; x_wconf 90' lang='lat' dir='ltr'>a</span> <span class='ocrx_word' id='word_1_130' title='bbox 758 1092 818 1130; x_wconf 86' lang='lat' dir='ltr'>turba</span> 
     </span>
     <span class='ocr_line' id='line_1_16' title="bbox 74 1162 817 1214; baseline -0.003 -14"><span class='ocrx_word' id='word_1_131' title='bbox 74 1162 245 1201; x_wconf 85' lang='lat' dir='ltr'>eonsentientium.</span> <span class='ocrx_word' id='word_1_132' title='bbox 276 1162 369 1213; x_wconf 77' lang='lat' dir='ltr'>Accedit,</span> <span class='ocrx_word' id='word_1_133' title='bbox 391 1163 444 1214; x_wconf 88' lang='lat' dir='ltr'>quod</span> <span class='ocrx_word' id='word_1_134' title='bbox 464 1163 498 1214; x_wconf 89' lang='lat' dir='ltr'>qui</span> <span class='ocrx_word' id='word_1_135' title='bbox 517 1163 567 1201; x_wconf 87' lang='lat' dir='ltr'>deae</span> <span class='ocrx_word' id='word_1_136' title='bbox 590 1164 610 1200; x_wconf 88' lang='lat' dir='ltr'>et</span> <span class='ocrx_word' id='word_1_137' title='bbox 629 1163 731 1213; x_wconf 83' lang='lat' dir='ltr'>pastorem</span> <span class='ocrx_word' id='word_1_138' title='bbox 749 1173 817 1199; x_wconf 87' lang='lat' dir='ltr'>amore</span> 
     </span>
     <span class='ocr_line' id='line_1_17' title="bbox 74 1230 816 1282; baseline -0.001 -13"><span class='ocrx_word' id='word_1_139' title='bbox 74 1231 189 1282; x_wconf 80' lang='lat' dir='ltr'>oomptexae</span> <span class='ocrx_word' id='word_1_140' title='bbox 197 1231 217 1269; x_wconf 93' lang='lat' dir='ltr'>et</span> <span class='ocrx_word' id='word_1_141' title='bbox 223 1231 276 1274; x_wconf 88' lang='lat' dir='ltr'>inter</span> <span class='ocrx_word' id='word_1_142' title='bbox 282 1231 371 1282; x_wconf 89' lang='lat' dir='ltr'>peoudes</span> <span class='ocrx_word' id='word_1_143' title='bbox 383 1231 471 1269; x_wconf 87' lang='lat' dir='ltr'>ahieetae</span> <span class='ocrx_word' id='word_1_144' title='bbox 482 1232 583 1269; x_wconf 87' lang='lat' dir='ltr'>mentione</span> <span class='ocrx_word' id='word_1_145' title='bbox 594 1231 700 1269; x_wconf 83' lang='lat' dir='ltr'>defunetus</span> <span class='ocrx_word' id='word_1_146' title='bbox 711 1231 735 1268; x_wconf 88' lang='lat' dir='ltr'>ab</span> <span class='ocrx_word' id='word_1_147' title='bbox 746 1230 816 1268; x_wconf 87' lang='lat' dir='ltr'>eadem</span> 
     </span>
     <span class='ocr_line' id='line_1_18' title="bbox 73 1298 817 1351; baseline -0.001 -14"><span class='ocrx_word' id='word_1_148' title='bbox 73 1299 126 1337; x_wconf 83' lang='lat' dir='ltr'>mata</span> <span class='ocrx_word' id='word_1_149' title='bbox 140 1312 185 1337; x_wconf 88' lang='lat' dir='ltr'>oum</span> <span class='ocrx_word' id='word_1_150' title='bbox 198 1298 299 1351; x_wconf 79' lang='lat' dir='ltr'>Nymphis</span> <span class='ocrx_word' id='word_1_151' title='bbox 315 1298 428 1351; x_wconf 83' lang='lat' dir='ltr'>Sitenisque</span> <span class='ocrx_word' id='word_1_152' title='bbox 447 1301 468 1338; x_wconf 90' lang='lat' dir='ltr'>et</span> <span class='ocrx_word' id='word_1_153' title='bbox 482 1299 560 1338; x_wconf 83' lang='lat' dir='ltr'>Baooho</span> <span class='ocrx_word' id='word_1_154' title='bbox 574 1300 626 1337; x_wconf 85' lang='lat' dir='ltr'>leota</span> <span class='ocrx_word' id='word_1_155' title='bbox 640 1298 744 1349; x_wconf 81' lang='lat' dir='ltr'>subiungit</span> <span class='ocrx_word' id='word_1_156' title='bbox 759 1300 779 1336; x_wconf 91' lang='lat' dir='ltr'>et</span> <span class='ocrx_word' id='word_1_157' title='bbox 793 1311 817 1336; x_wconf 88' lang='lat' dir='ltr'>ea</span> 
     </span>
     <span class='ocr_line' id='line_1_19' title="bbox 73 1367 816 1420; baseline -0.003 -14"><span class='ocrx_word' id='word_1_158' title='bbox 73 1381 122 1406; x_wconf 88' lang='lat' dir='ltr'>usus</span> <span class='ocrx_word' id='word_1_159' title='bbox 139 1368 218 1407; x_wconf 87' lang='lat' dir='ltr'>ratione</span> <span class='ocrx_word' id='word_1_160' title='bbox 232 1367 346 1418; x_wconf 74' lang='lat' dir='ltr'>subiungit,</span> <span class='ocrx_word' id='word_1_161' title='bbox 361 1381 412 1420; x_wconf 89' lang='lat' dir='ltr'>quae</span> <span class='ocrx_word' id='word_1_162' title='bbox 427 1368 515 1407; x_wconf 86' lang='lat' dir='ltr'>eernitur</span> <span class='ocrx_word' id='word_1_163' title='bbox 524 1368 545 1406; x_wconf 92' lang='lat' dir='ltr'>iu</span> <span class='ocrx_word' id='word_1_164' title='bbox 555 1370 631 1406; x_wconf 90' lang='lat' dir='ltr'>mutato</span> <span class='ocrx_word' id='word_1_165' title='bbox 643 1367 721 1406; x_wconf 78' lang='lat' dir='ltr'>dic-endi</span> <span class='ocrx_word' id='word_1_166' title='bbox 732 1380 816 1418; x_wconf 75' lang='lat' dir='ltr'>genere:</span> 
     </span>
     <span class='ocr_line' id='line_1_20' title="bbox 72 1424 817 1488; baseline -0.004 -12"><span class='ocrx_word' id='word_1_167' title='bbox 72 1436 178 1487; x_wconf 80' lang='lat' dir='ltr'>tegisti‚</span> <span class='ocrx_word' id='word_1_168' title='bbox 193 1424 229 1475; x_wconf 88' lang='lat' dir='ltr'>aut</span> <span class='ocrx_word' id='word_1_169' title='bbox 244 1450 414 1488; x_wconf 77' lang='lat' dir='ltr'>snperraeaneam</span> <span class='ocrx_word' id='word_1_170' title='bbox 429 1450 472 1475; x_wconf 77' lang='lat' dir='ltr'>reni</span> <span class='ocrx_word' id='word_1_171' title='bbox 485 1436 552 1475; x_wconf 81' lang='lat' dir='ltr'>intulit</span> <span class='ocrx_word' id='word_1_172' title='bbox 563 1438 597 1475; x_wconf 87' lang='lat' dir='ltr'>aut</span> <span class='ocrx_word' id='word_1_173' title='bbox 608 1437 657 1475; x_wconf 91' lang='lat' dir='ltr'>deae</span> <span class='ocrx_word' id='word_1_174' title='bbox 669 1436 748 1487; x_wconf 77' lang='lat' dir='ltr'>coniugi</span> <span class='ocrx_word' id='word_1_175' title='bbox 758 1435 817 1474; x_wconf 87' lang='lat' dir='ltr'>nimis</span> 
     </span>
     <span class='ocr_line' id='line_1_21' title="bbox 73 1503 817 1555; baseline -0.001 -12"><span class='ocrx_word' id='word_1_176' title='bbox 73 1505 198 1543; x_wconf 70' lang='lat' dir='ltr'>invidiosam.</span> <span class='ocrx_word' id='word_1_177' title='bbox 228 1503 269 1543; x_wconf 88' lang='lat' dir='ltr'>Sed</span> <span class='ocrx_word' id='word_1_178' title='bbox 283 1505 332 1544; x_wconf 87' lang='lat' dir='ltr'>haeo</span> <span class='ocrx_word' id='word_1_179' title='bbox 349 1505 414 1544; x_wconf 85' lang='lat' dir='ltr'>omnia</span> <span class='ocrx_word' id='word_1_180' title='bbox 429 1505 546 1544; x_wconf 82' lang='lat' dir='ltr'>dilueidiora</span> <span class='ocrx_word' id='word_1_181' title='bbox 565 1505 616 1543; x_wconf 86' lang='lat' dir='ltr'>fiunt</span> <span class='ocrx_word' id='word_1_182' title='bbox 631 1518 655 1544; x_wconf 87' lang='lat' dir='ltr'>ea</span> <span class='ocrx_word' id='word_1_183' title='bbox 666 1519 698 1554; x_wconf 79' lang='lat' dir='ltr'>re,</span> <span class='ocrx_word' id='word_1_184' title='bbox 719 1518 770 1555; x_wconf 87' lang='lat' dir='ltr'>quae</span> <span class='ocrx_word' id='word_1_185' title='bbox 785 1504 817 1542; x_wconf 90' lang='lat' dir='ltr'>fir-</span> 
     </span>
     <span class='ocr_line' id='line_1_22' title="bbox 72 1572 818 1625; baseline 0 -14"><span class='ocrx_word' id='word_1_186' title='bbox 72 1573 164 1612; x_wconf 87' lang='lat' dir='ltr'>missima</span> <span class='ocrx_word' id='word_1_187' title='bbox 180 1572 246 1611; x_wconf 86' lang='lat' dir='ltr'>afferri</span> <span class='ocrx_word' id='word_1_188' title='bbox 260 1574 350 1622; x_wconf 77' lang='lat' dir='ltr'>videtur,</span> <span class='ocrx_word' id='word_1_189' title='bbox 368 1586 404 1612; x_wconf 85' lang='lat' dir='ltr'>eur</span> <span class='ocrx_word' id='word_1_190' title='bbox 419 1577 504 1624; x_wconf 88' lang='lat' dir='ltr'>quatuor</span> <span class='ocrx_word' id='word_1_191' title='bbox 520 1574 605 1612; x_wconf 87' lang='lat' dir='ltr'>distioha</span> <span class='ocrx_word' id='word_1_192' title='bbox 615 1574 640 1612; x_wconf 89' lang='lat' dir='ltr'>de</span> <span class='ocrx_word' id='word_1_193' title='bbox 651 1573 732 1611; x_wconf 77' lang='lat' dir='ltr'>Venere</span> <span class='ocrx_word' id='word_1_194' title='bbox 744 1573 818 1625; x_wconf 78' lang='lat' dir='ltr'>scripta</span> 
     </span>
     <span class='ocr_line' id='line_1_23' title="bbox 73 1642 817 1693; baseline 0 -13"><span class='ocrx_word' id='word_1_195' title='bbox 73 1655 119 1680; x_wconf 87' lang='lat' dir='ltr'>esse</span> <span class='ocrx_word' id='word_1_196' title='bbox 133 1650 251 1692; x_wconf 67' lang='lat' dir='ltr'>&#39;negemuss</span> <span class='ocrx_word' id='word_1_197' title='bbox 259 1642 311 1692; x_wconf 88' lang='lat' dir='ltr'>quod</span> <span class='ocrx_word' id='word_1_198' title='bbox 327 1642 360 1692; x_wconf 84' lang='lat' dir='ltr'>qni</span> <span class='ocrx_word' id='word_1_199' title='bbox 371 1654 464 1680; x_wconf 76' lang='lat' dir='ltr'>caussam</span> <span class='ocrx_word' id='word_1_200' title='bbox 477 1642 508 1680; x_wconf 92' lang='lat' dir='ltr'>his</span> <span class='ocrx_word' id='word_1_201' title='bbox 519 1642 632 1693; x_wconf 73' lang='lat' dir='ltr'>peroravit:</span> <span class='ocrx_word' id='word_1_202' title='bbox 650 1673 662 1690; x_wconf 85' lang='lat'>„</span> <span class='ocrx_word' id='word_1_203' title='bbox 668 1642 700 1680; x_wconf 78' lang='grc'>1111</span> <span class='ocrx_word' id='word_1_204' title='bbox 711 1642 817 1692; x_wconf 85' lang='lat' dir='ltr'>quisquam</span> 
     </span>
     <span class='ocr_line' id='line_1_24' title="bbox 72 1707 817 1761; baseline 0 -13"><span class='ocrx_word' id='word_1_205' title='bbox 72 1710 98 1748; x_wconf 93' lang='lat' dir='ltr'>in</span> <span class='ocrx_word' id='word_1_206' title='bbox 122 1710 194 1748; x_wconf 90' lang='lat' dir='ltr'>tanto</span> <span class='ocrx_word' id='word_1_207' title='bbox 217 1707 367 1761; x_wconf 88' lang='lat' dir='ltr'>stuprorum</span> <span class='ocrx_word' id='word_1_208' title='bbox 390 1710 510 1748; x_wconf 74' lang='lat' dir='ltr'>examine</span> <span class='ocrx_word' id='word_1_209' title='bbox 532 1711 620 1761; x_wconf 77' lang='lat' dir='ltr'>quaerit,</span> <span class='ocrx_word' id='word_1_210' title='bbox 644 1709 684 1750; x_wconf 79' lang='lat' dir='ltr'>Sur</span> <span class='ocrx_word' id='word_1_211' title='bbox 705 1710 756 1748; x_wconf 84' lang='lat' dir='ltr'>haee</span> <span class='ocrx_word' id='word_1_212' title='bbox 776 1712 817 1749; x_wconf 88' lang='lat' dir='ltr'>tam</span> 
     </span>
     <span class='ocr_line' id='line_1_25' title="bbox 74 1777 818 1830; baseline 0.001 -14"><span class='ocrx_word' id='word_1_213' title='bbox 74 1778 161 1827; x_wconf 76' lang='lat' dir='ltr'>dives?‘&#39;&#39;‚</span> <span class='ocrx_word' id='word_1_214' title='bbox 176 1791 201 1816; x_wconf 92' lang='lat' dir='ltr'>ne</span> <span class='ocrx_word' id='word_1_215' title='bbox 216 1791 253 1830; x_wconf 87' lang='lat' dir='ltr'>per</span> <span class='ocrx_word' id='word_1_216' title='bbox 263 1777 387 1817; x_wconf 68' lang='lat' dir='ltr'>Gronovium</span> <span class='ocrx_word' id='word_1_217' title='bbox 402 1778 482 1830; x_wconf 90' lang='lat' dir='ltr'>quidem</span> <span class='ocrx_word' id='word_1_218' title='bbox 496 1779 517 1817; x_wconf 90' lang='lat' dir='ltr'>in</span> <span class='ocrx_word' id='word_1_219' title='bbox 527 1778 572 1818; x_wconf 74' lang='lat' dir='ltr'>Seri.</span> <span class='ocrx_word' id='word_1_220' title='bbox 587 1778 670 1830; x_wconf 81' lang='lat' dir='ltr'>Thyest.</span> <span class='ocrx_word' id='word_1_221' title='bbox 683 1781 730 1817; x_wconf 76' lang='grc'>523.</span> <span class='ocrx_word' id='word_1_222' title='bbox 745 1793 763 1830; x_wconf 91' lang='lat' dir='ltr'>p.</span> <span class='ocrx_word' id='word_1_223' title='bbox 777 1781 818 1817; x_wconf 73' lang='lat' dir='ltr'>mo</span> 
     </span>
     <span class='ocr_line' id='line_1_26' title="bbox 74 1846 818 1899; baseline 0 -14"><span class='ocrx_word' id='word_1_224' title='bbox 74 1849 94 1886; x_wconf 91' lang='lat' dir='ltr'>et</span> <span class='ocrx_word' id='word_1_225' title='bbox 100 1846 263 1885; x_wconf 88' lang='lat' dir='ltr'>Burmannumin</span> <span class='ocrx_word' id='word_1_226' title='bbox 269 1846 360 1886; x_wconf 76' lang='lat' dir='ltr'>Albinor.</span> <span class='ocrx_word' id='word_1_227' title='bbox 367 1849 414 1887; x_wconf 75' lang='lat'>339.</span> <span class='ocrx_word' id='word_1_228' title='bbox 420 1861 438 1899; x_wconf 94' lang='lat' dir='ltr'>p.</span> <span class='ocrx_word' id='word_1_229' title='bbox 446 1849 487 1886; x_wconf 78' lang='lat'>818</span> <span class='ocrx_word' id='word_1_230' title='bbox 495 1848 577 1886; x_wconf 86' lang='lat' dir='ltr'>dubium</span> <span class='ocrx_word' id='word_1_231' title='bbox 585 1850 653 1899; x_wconf 87' lang='lat' dir='ltr'>potest</span> <span class='ocrx_word' id='word_1_232' title='bbox 660 1861 705 1886; x_wconf 88' lang='lat' dir='ltr'>esse</span> <span class='ocrx_word' id='word_1_233' title='bbox 711 1848 758 1897; x_wconf 85' lang='lat' dir='ltr'>quin</span> <span class='ocrx_word' id='word_1_234' title='bbox 764 1848 818 1886; x_wconf 89' lang='lat' dir='ltr'>intra</span> 
     </span>
     <span class='ocr_line' id='line_1_27' title="bbox 73 1915 817 1968; baseline 0 -15"><span class='ocrx_word' id='word_1_235' title='bbox 73 1915 154 1954; x_wconf 89' lang='lat' dir='ltr'>modum</span> <span class='ocrx_word' id='word_1_236' title='bbox 170 1916 269 1954; x_wconf 87' lang='lat' dir='ltr'>duobus</span> <span class='ocrx_word' id='word_1_237' title='bbox 286 1916 387 1967; x_wconf 69' lang='lat' dir='ltr'>exemptis</span> <span class='ocrx_word' id='word_1_238' title='bbox 395 1915 486 1955; x_wconf 80' lang='lat' dir='ltr'>Helenae</span> <span class='ocrx_word' id='word_1_239' title='bbox 502 1918 523 1955; x_wconf 91' lang='lat' dir='ltr'>et</span> <span class='ocrx_word' id='word_1_240' title='bbox 536 1916 624 1956; x_wconf 77' lang='lat' dir='ltr'>Veneris</span> <span class='ocrx_word' id='word_1_241' title='bbox 640 1915 767 1968; x_wconf 86' lang='lat' dir='ltr'>praefinitum</span> <span class='ocrx_word' id='word_1_242' title='bbox 777 1929 817 1954; x_wconf 89' lang='lat' dir='ltr'>non</span> 
     </span>
     <span class='ocr_line' id='line_1_28' title="bbox 73 1982 816 2036; baseline 0 -14"><span class='ocrx_word' id='word_1_243' title='bbox 73 1983 190 2022; x_wconf 84' lang='lat' dir='ltr'>eonstiterit.</span> <span class='ocrx_word' id='word_1_244' title='bbox 200 1982 259 2022; x_wconf 85' lang='lat' dir='ltr'>Unde</span> <span class='ocrx_word' id='word_1_245' title='bbox 267 1984 354 2035; x_wconf 88' lang='lat' dir='ltr'>primum</span> <span class='ocrx_word' id='word_1_246' title='bbox 359 1984 397 2023; x_wconf 89' lang='lat' dir='ltr'>hoo</span> <span class='ocrx_word' id='word_1_247' title='bbox 404 1984 489 2023; x_wconf 76' lang='lat' dir='ltr'>efficitur</span> <span class='ocrx_word' id='word_1_248' title='bbox 493 1985 543 2023; x_wconf 86' lang='lat' dir='ltr'>haee</span> <span class='ocrx_word' id='word_1_249' title='bbox 549 1985 727 2036; x_wconf 85' lang='lat' dir='ltr'>antiquitusfuisse</span> <span class='ocrx_word' id='word_1_250' title='bbox 734 1985 816 2036; x_wconf 76' lang='lat' dir='ltr'>scripta:</span> 
     </span>
    </p>
   </div>
   <div class='ocr_carea' id='block_1_3' title="bbox 155 2061 728 2116">
    <p class='ocr_par' dir='ltr' id='par_1_3' title="bbox 155 2061 728 2116">
     <span class='ocr_line' id='line_1_29' title="bbox 155 2061 728 2116; baseline 0.003 -16"><span class='ocrx_word' id='word_1_251' title='bbox 155 2062 200 2101; x_wconf 87' lang='lat' dir='ltr'>Hoo</span> <span class='ocrx_word' id='word_1_252' title='bbox 215 2064 235 2101; x_wconf 84' lang='lat' dir='ltr'>et</span> <span class='ocrx_word' id='word_1_253' title='bbox 249 2061 415 2115; x_wconf 78' lang='lat' dir='ltr'>Hamadryadum</span> <span class='ocrx_word' id='word_1_254' title='bbox 429 2064 549 2116; x_wconf 84' lang='lat' dir='ltr'>peooauit</span> <span class='ocrx_word' id='word_1_255' title='bbox 563 2065 623 2103; x_wconf 86' lang='lat' dir='ltr'>turba</span> <span class='ocrx_word' id='word_1_256' title='bbox 637 2078 728 2103; x_wconf 81' lang='lat' dir='ltr'>sororum</span> 
     </span>
    </p>
   </div>
   <div class='ocr_carea' id='block_1_4' title="bbox 73 2129 817 2605">
    <p class='ocr_par' dir='ltr' id='par_1_4' title="bbox 73 2129 817 2605">
     <span class='ocr_line' id='line_1_30' title="bbox 176 2129 595 2188; baseline 0.007 -20"><span class='ocrx_word' id='word_1_257' title='bbox 176 2129 277 2182; x_wconf 74' lang='lat' dir='ltr'>Silenique</span> <span class='ocrx_word' id='word_1_258' title='bbox 294 2145 353 2170; x_wconf 86' lang='lat' dir='ltr'>senes</span> <span class='ocrx_word' id='word_1_259' title='bbox 368 2134 388 2170; x_wconf 90' lang='lat' dir='ltr'>et</span> <span class='ocrx_word' id='word_1_260' title='bbox 403 2136 462 2183; x_wconf 89' lang='lat' dir='ltr'>pater</span> <span class='ocrx_word' id='word_1_261' title='bbox 476 2134 520 2184; x_wconf 91' lang='lat' dir='ltr'>ipse</span> <span class='ocrx_word' id='word_1_262' title='bbox 532 2134 595 2188; x_wconf 86' lang='lat' dir='ltr'>ehori.</span> 
     </span>
     <span class='ocr_line' id='line_1_31' title="bbox 73 2210 816 2264; baseline 0.001 -15"><span class='ocrx_word' id='word_1_263' title='bbox 73 2211 98 2249; x_wconf 88' lang='lat' dir='ltr'>In</span> <span class='ocrx_word' id='word_1_264' title='bbox 124 2221 183 2260; x_wconf 87' lang='lat' dir='ltr'>quam</span> <span class='ocrx_word' id='word_1_265' title='bbox 207 2210 290 2248; x_wconf 91' lang='lat' dir='ltr'>eandem</span> <span class='ocrx_word' id='word_1_266' title='bbox 315 2211 435 2249; x_wconf 86' lang='lat' dir='ltr'>sententiam</span> <span class='ocrx_word' id='word_1_267' title='bbox 460 2213 556 2250; x_wconf 86' lang='lat' dir='ltr'>hahemus</span> <span class='ocrx_word' id='word_1_268' title='bbox 575 2225 648 2250; x_wconf 76' lang='lat' dir='ltr'>uersus</span> <span class='ocrx_word' id='word_1_269' title='bbox 670 2213 737 2264; x_wconf 89' lang='lat' dir='ltr'>hymn.</span> <span class='ocrx_word' id='word_1_270' title='bbox 757 2212 816 2251; x_wconf 89' lang='lat' dir='ltr'>Hom.</span> 
     </span>
     <span class='ocr_line' id='line_1_32' title="bbox 73 2273 816 2334; baseline 0.003 -17"><span class='ocrx_word' id='word_1_271' title='bbox 73 2279 147 2317; x_wconf 80' lang='lat' dir='ltr'>Vener.</span> <span class='ocrx_word' id='word_1_272' title='bbox 168 2280 215 2317; x_wconf 80' lang='grc'>258.</span> <span class='ocrx_word' id='word_1_273' title='bbox 233 2281 285 2318; x_wconf 78' lang='grc' dir='ltr'>263ε</span> <span class='ocrx_word' id='word_1_274' title='bbox 310 2273 423 2333; x_wconf 70' lang='grc' dir='ltr'><em>Νύμφαι</em></span> <span class='ocrx_word' id='word_1_275' title='bbox 446 2294 483 2330; x_wconf 78' lang='grc' dir='ltr'>μιν</span> <span class='ocrx_word' id='word_1_276' title='bbox 509 2276 632 2334; x_wconf 68' lang='grc' dir='ltr'><em>θρέψονσιν</em></span> <span class='ocrx_word' id='word_1_277' title='bbox 655 2278 757 2334; x_wconf 71' lang='grc' dir='ltr'><em>ὀρεσκῷοι</em></span> <span class='ocrx_word' id='word_1_278' title='bbox 780 2305 793 2308; x_wconf 87' lang='grc'>-</span> <span class='ocrx_word' id='word_1_279' title='bbox 812 2293 816 2300; x_wconf 91' lang='grc'><em>·</em></span> 
     </span>
     <span class='ocr_line' id='line_1_33' title="bbox 75 2342 816 2403; baseline 0.005 -19"><span class='ocrx_word' id='word_1_280' title='bbox 75 2348 128 2403; x_wconf 63' lang='grc' dir='ltr'>Τῇσι</span> <span class='ocrx_word' id='word_1_281' title='bbox 148 2342 318 2386; x_wconf 69' lang='lat' dir='ltr'>dd&#39;Eertraot</span> <span class='ocrx_word' id='word_1_282' title='bbox 339 2343 374 2386; x_wconf 71' lang='lat' dir='ltr'>aot</span> <span class='ocrx_word' id='word_1_283' title='bbox 394 2343 500 2396; x_wconf 66' lang='grc' dir='ltr'><em>ἐῖἳσιοιιος</em></span> <span class='ocrx_word' id='word_1_284' title='bbox 513 2343 665 2402; x_wconf 58' lang='grc' dir='ltr'>Ἀργειφόντης</span> <span class='ocrx_word' id='word_1_285' title='bbox 683 2344 816 2400; x_wconf 66' lang='lat' dir='ltr'>urieyorr&#39;</span> 
     </span>
     <span class='ocr_line' id='line_1_34' title="bbox 73 2408 817 2469; baseline 0.005 -17"><span class='ocrx_word' id='word_1_286' title='bbox 73 2411 94 2453; x_wconf 78' lang='grc' dir='ltr'>ἐν</span> <span class='ocrx_word' id='word_1_287' title='bbox 109 2408 209 2468; x_wconf 75' lang='grc' dir='ltr'><em>φιλότητι</em></span> <span class='ocrx_word' id='word_1_288' title='bbox 230 2415 290 2468; x_wconf 69' lang='grc' dir='ltr'>1111χῴ</span> <span class='ocrx_word' id='word_1_289' title='bbox 311 2410 393 2454; x_wconf 69' lang='grc' dir='ltr'><em>σπείων</em></span> <span class='ocrx_word' id='word_1_290' title='bbox 414 2412 519 2469; x_wconf 71' lang='grc' dir='ltr'><em>ἐροέντων,</em></span> <span class='ocrx_word' id='word_1_291' title='bbox 541 2430 579 2455; x_wconf 85' lang='lat' dir='ltr'>neo</span> <span class='ocrx_word' id='word_1_292' title='bbox 599 2417 656 2455; x_wconf 84' lang='lat' dir='ltr'>aliter</span> <span class='ocrx_word' id='word_1_293' title='bbox 676 2417 701 2455; x_wconf 94' lang='lat' dir='ltr'>de</span> <span class='ocrx_word' id='word_1_294' title='bbox 716 2417 817 2469; x_wconf 79' lang='lat' dir='ltr'>Nymphis</span> 
     </span>
     <span class='ocr_line' id='line_1_35' title="bbox 74 2481 816 2536; baseline 0.005 -16"><span class='ocrx_word' id='word_1_295' title='bbox 74 2481 151 2521; x_wconf 84' lang='lat' dir='ltr'>Seneea</span> <span class='ocrx_word' id='word_1_296' title='bbox 166 2484 186 2521; x_wconf 90' lang='lat' dir='ltr'>et</span> <span class='ocrx_word' id='word_1_297' title='bbox 196 2482 303 2521; x_wconf 85' lang='lat' dir='ltr'>Petronius</span> <span class='ocrx_word' id='word_1_298' title='bbox 318 2483 364 2533; x_wconf 75' lang='lat' dir='ltr'>(An</span> <span class='ocrx_word' id='word_1_299' title='bbox 375 2483 432 2535; x_wconf 87' lang='lat' dir='ltr'>Prop.</span> <span class='ocrx_word' id='word_1_300' title='bbox 441 2484 477 2523; x_wconf 81' lang='lat' dir='ltr'>rV.</span> <span class='ocrx_word' id='word_1_301' title='bbox 493 2499 516 2536; x_wconf 64' lang='lat' dir='ltr'>p„</span> <span class='ocrx_word' id='word_1_302' title='bbox 524 2486 570 2534; x_wconf 76' lang='lat'>25),</span> <span class='ocrx_word' id='word_1_303' title='bbox 586 2484 662 2523; x_wconf 87' lang='lat' dir='ltr'>Statius</span> <span class='ocrx_word' id='word_1_304' title='bbox 674 2485 710 2524; x_wconf 79' lang='lat' dir='ltr'>Th,</span> <span class='ocrx_word' id='word_1_305' title='bbox 721 2486 757 2525; x_wconf 70' lang='lat' dir='ltr'>IV.</span> <span class='ocrx_word' id='word_1_306' title='bbox 770 2490 816 2526; x_wconf 79' lang='grc'>329.</span> 
     </span>
     <span class='ocr_line' id='line_1_36' title="bbox 73 2550 816 2605; baseline 0.003 -15"><span class='ocrx_word' id='word_1_307' title='bbox 73 2551 154 2603; x_wconf 80' lang='lat' dir='ltr'>Auspie.</span> <span class='ocrx_word' id='word_1_308' title='bbox 170 2550 237 2603; x_wconf 86' lang='lat' dir='ltr'>Epith.</span> <span class='ocrx_word' id='word_1_309' title='bbox 256 2555 287 2590; x_wconf 80' lang='lat'>37.</span> <span class='ocrx_word' id='word_1_310' title='bbox 307 2551 484 2604; x_wconf 76' lang='lat' dir='ltr'>Pr0p.1.21,1r.</span> <span class='ocrx_word' id='word_1_311' title='bbox 508 2552 562 2592; x_wconf 85' lang='lat' dir='ltr'>Suet.</span> <span class='ocrx_word' id='word_1_312' title='bbox 577 2553 624 2591; x_wconf 78' lang='lat' dir='ltr'>Ner.</span> <span class='ocrx_word' id='word_1_313' title='bbox 640 2553 719 2605; x_wconf 62' lang='lat' dir='ltr'>qgraa).</span> <span class='ocrx_word' id='word_1_314' title='bbox 735 2557 770 2594; x_wconf 85' lang='lat' dir='ltr'>aut</span> <span class='ocrx_word' id='word_1_315' title='bbox 792 2555 816 2593; x_wconf 93' lang='lat' dir='ltr'>de</span> 
     </span>
    </p>
   </div>
   <div class='ocr_carea' id='block_1_5' title="bbox 74 2683 817 2786">
    <p class='ocr_par' dir='ltr' id='par_1_5' title="bbox 74 2683 817 2786">
     <span class='ocr_line' id='line_1_37' title="bbox 122 2683 817 2729; baseline 0.004 -13"><span class='ocrx_word' id='word_1_316' title='bbox 122 2684 160 2728; x_wconf 69' lang='grc'>191)</span> <span class='ocrx_word' id='word_1_317' title='bbox 172 2683 193 2716; x_wconf 88' lang='lat' dir='ltr'>In</span> <span class='ocrx_word' id='word_1_318' title='bbox 206 2694 224 2716; x_wconf 88' lang='lat' dir='ltr'>eo</span> <span class='ocrx_word' id='word_1_319' title='bbox 238 2683 359 2724; x_wconf 81' lang='lat' dir='ltr'>Propertii</span> <span class='ocrx_word' id='word_1_320' title='bbox 377 2684 450 2716; x_wconf 78' lang='lat' dir='ltr'>carmine</span> <span class='ocrx_word' id='word_1_321' title='bbox 462 2696 477 2716; x_wconf 86' lang='lat' dir='ltr'>v.</span> <span class='ocrx_word' id='word_1_322' title='bbox 491 2688 584 2717; x_wconf 72' lang='grc'>123215</span> <span class='ocrx_word' id='word_1_323' title='bbox 601 2686 743 2729; x_wconf 81' lang='lat' dir='ltr'>Hydriadum</span> <span class='ocrx_word' id='word_1_324' title='bbox 756 2697 817 2718; x_wconf 84' lang='lat' dir='ltr'>nomen</span> 
     </span>
     <span class='ocr_line' id='line_1_38' title="bbox 74 2739 817 2786; baseline 0 -11"><span class='ocrx_word' id='word_1_325' title='bbox 74 2743 190 2786; x_wconf 73' lang='lat' dir='ltr'>reparavimus</span> <span class='ocrx_word' id='word_1_326' title='bbox 206 2740 255 2774; x_wconf 67' lang='lat' dir='ltr'>Anah</span> <span class='ocrx_word' id='word_1_327' title='bbox 269 2739 343 2783; x_wconf 60' lang='lat' dir='ltr'>capra.</span> <span class='ocrx_word' id='word_1_328' title='bbox 362 2744 457 2784; x_wconf 54' lang='grc'>1121111,</span> <span class='ocrx_word' id='word_1_329' title='bbox 475 2752 540 2774; x_wconf 78' lang='lat' dir='ltr'>versum</span> <span class='ocrx_word' id='word_1_330' title='bbox 557 2745 578 2773; x_wconf 77' lang='lat'>3⁴2</span> <span class='ocrx_word' id='word_1_331' title='bbox 592 2746 657 2775; x_wconf 79' lang='lat' dir='ltr'>autem:</span> <span class='ocrx_word' id='word_1_332' title='bbox 674 2744 700 2775; x_wconf 84' lang='lat' dir='ltr'>At</span> <span class='ocrx_word' id='word_1_333' title='bbox 717 2744 765 2775; x_wconf 85' lang='lat' dir='ltr'>dolor</span> <span class='ocrx_word' id='word_1_334' title='bbox 780 2743 817 2775; x_wconf 85' lang='lat' dir='ltr'>ihat</span> 
     </span>
    </p>
   </div>
   <div class='ocr_carea' id='block_1_6' title="bbox 0 0 894 2936">
    <p class='ocr_par' dir='ltr' id='par_1_6' title="bbox 0 0 894 2936">
     <span class='ocr_line' id='line_1_39' title="bbox 0 0 894 2936; baseline 0 0"><span class='ocrx_word' id='word_1_335' title='bbox 0 0 894 2936; x_wconf 95' lang='lat' dir='ltr'> </span> 
     </span>
    </p>
   </div>
  </div>
 </body>
</html>
