1780 2936
371 459 431 519 Gap.
449 459 470 505 I.

410 589 430 636 1.

46 661 86 734 De
93 692 167 733 Sinidis
173 692 324 745 Pityoeamptee
331 691 399 731 fabula
410 703 470 743 quam
478 690 629 731 accuratissima
638 692 721 732 testium
729 692 791 733 inter-

46 763 151 816 rogatione
164 762 289 814 explieaturo
302 759 448 799 exordiendum
459 758 541 798 videtur
559 772 605 798 esse
616 772 629 799 a
640 759 793 801 PROPERTH

45 834 100 882 loeo,
124 832 159 884 qui
177 829 269 884 quamvis
289 829 398 868 multorum
415 828 549 880 interpretum
568 829 650 868 consilia
670 842 791 882 operamque

46 902 145 954 expertus
163 899 253 939 nondum
272 898 322 938 satis
337 899 374 937 aut
387 898 508 950 explanatus
522 900 555 936 est
569 899 605 936 aut
617 900 723 950 purgatus.
753 899 792 939 Le-

19 1022 21 1029 ,
45 970 101 1022 gitur
115 970 184 1009 autem
198 968 216 1008 is
229 968 285 1008 loeus
300 967 321 1007 in
335 967 389 1007 hune
403 966 484 1006 modum
498 965 537 1005 ΙΠ.
549 968 575 1005 21
588 965 632 1017 (IV.
644 969 685 1017 22),
700 971 727 1008 33
738 982 792 1021 squ:

103 1037 194 1077 Penthea
210 1050 251 1077 non
265 1049 340 1076 saevae
354 1037 455 1075 venantur
469 1035 490 1074 in
506 1035 577 1074 arbore
591 1034 683 1077 Baoehae

132 1106 176 1147 Neo
191 1106 252 1146 soluit
266 1105 353 1145 Danaas
363 1104 444 1144 subdita
458 1116 519 1143 oerva
533 1104 588 1143 rates

104 1173 185 1215 Oornua
198 1188 236 1222 nee
250 1174 315 1214 1111111
330 1186 415 1213 ourvare
430 1173 451 1211 in
466 1172 530 1225 peiioe
545 1171 597 1212 Iuno

133 1243 177 1283 Aut
190 1243 262 1283 faeiem
276 1242 331 1295 turpi
345 1242 467 1281 dedecorare
480 1241 533 1281 bove

104 1310 293 1363 Arboreasque
308 1323 401 1351 oruees
417 1309 486 1350 Sinis
502 1311 523 1350 et
537 1323 577 1350 non
592 1310 672 1364 hospita
686 1311 754 1353 Graiis

134 1380 190 1421 Saxa
202 1382 224 1420 et
242 1380 370 1420 curvatas
388 1380 415 1419 in
435 1391 482 1419 sua
500 1379 556 1419 fata
576 1380 669 1421 trabes.

47 1448 214 1502 „Suppiendum
234 1449 299 1502 inquit
311 1448 453 1488 Lachmannus
467 1461 486 1501 p.
503 1450 555 1498 324,
576 1461 603 1487 ex
623 1451 791 1502 praecedentibus

32 1519 142 1573 ‚habere
160 1518 195 1558 rei
216 1518 362 1567 adhihere,“
383 1516 415 1556 oui
430 1516 500 1556 etalii
514 1517 594 1556 assensi
607 1520 656 1558 sunt
670 1521 691 1559 et
704 1519 792 1561 Baehius

46 1587 89 1628 Eoi.
99 1586 143 1627 Lat.
154 1587 212 1639 Eleg.
223 1601 241 1640 p.
254 1588 301 1626 178.
317 1587 338 1626 et
352 1585 500 1637 Hertzbergius
517 1584 610 1631 Quaestt.
620 1587 678 1641 Prop.
688 1587 716 1628 Π.
728 1591 746 1640 6,
759 1592 793 1630 16.

47 1669 66 1709 p.
81 1658 122 1696 132
143 1657 164 1695 et
178 1656 222 1709 ipse
235 1654 343 1707 Hauptius.
379 1654 440 1700 Quod
460 1654 565 1694 eonsilium
583 1668 623 1694 non
642 1655 713 1695 inutile
733 1657 792 1696 modo

46 1738 103 1775 esse,
122 1726 160 1765 sed
180 1738 193 1765 a
207 1736 256 1764 vero
276 1722 456 1763 disiunctissimum
471 1724 493 1762 et
507 1723 541 1762 isso
555 1724 598 1763 ioeo
614 1724 759 1765 alienissimum
772 1728 793 1765 et

43 1795 110 1843 Ι11111111
130 1795 151 1834 11
168 1805 243 1845 magna
263 1794 383 1844 argumenta
400 1793 448 1831 sunt
467 1792 539 1844 quibus
558 1791 641 1832 doceam
658 1795 680 1833 et
695 1794 792 1835 evinoam.

47 1861 79 1902 Ae
91 1860 177 1914 primum
192 1862 273 1913 quidem
288 1860 378 1900 funditus
393 1859 490 1899 eiicienda
506 1862 538 1899 est
556 1860 592 1900 ilia
611 1863 721 1913 sententia,
740 1877 793 1915 quae

47 1930 122 1970 Sinidis
136 1930 247 1970 >saeuitiam
265 1931 286 1969 et
305 1929 337 1968 his
356 1929 434 1969 verbis:
455 1927 640 1982 Arboreasque
659 1944 752 1972 eruces
772 1934 793 1972 et

48 1999 95 2039 'iiisz
115 2000 239 2055 eur-vetas
259 1998 284 2037 in
305 2010 351 2038 sua
370 1998 425 2038 fata
443 1998 534 2037 trabes
553 1999 640 2039 describi
660 2003 735 2041 censet.
764 2001 794 2042 Ut

47 2067 101 2107 enim
113 2069 192 2106 ‘verum
210 2067 246 2119 sit,
266 2067 320 2119 quod
339 2080 400 2119 quum
420 2079 489 2106 omnes
509 2068 623 2118 sumerent,
646 2082 706 2109 nemo
724 2072 794 2110 tamen

47 2137 83 2176 aut
103 2134 220 2188 diligentius
240 2135 343 2175 enarravit
361 2137 397 2175 aut
416 2136 555 2188 exemplorum
574 2136 703 2178 similitudine
721 2151 793 2193 appro-

12 2242 13 2245 ,
47 2204 112 2257 bavit,
126 2205 251 2244 arboreas
267 2216 359 2243 eruees
373 2205 429 2243 reete
443 2203 570 2256 aPropertio
585 2207 692 2246 memorari
700 2207 753 2258 eius,
767 2208 794 2248 de

48 2286 87 2326 quo
102 2272 203 2312 Diodorus
218 2271 299 2313 1151.
313 2285 331 2325 p.
344 2274 398 2322 303,
413 2275 440 2313 93
453 2273 491 2312 hoe
503 2273 601 2325 prodidit:
617 2265 679 2323 οὗτος
692 2272 732 2328 γὰρ
747 2271 793 2318 δύο

48 2336 130 2389 πίτυς
150 2335 257 2393 κάμπτων
280 2337 318 2380 καὶ
337 2337 407 2395 πρὸς
431 2335 567 2395 ἑκατέραν
588 2338 635 2382 τὸν
659 2340 705 2383 ἕνα
727 2345 795 2400 βρα-

46 2405 126 2461 χίονα
146 2405 311 2465 προςδεσμεύων
331 2403 392 2464 ἄφνω
412 2405 450 2457 τὰς
471 2405 536 2458 πίτυς
556 2401 626 2465 ἠφίει,
653 2405 732 2468 διόπερ
752 2415 796 2455 τῶν

49 2471 153 2530 σωμάτων
174 2475 212 2518 διὰ
238 2475 276 2533 τὴν
302 2472 353 2530 βίαν
379 2470 589 2530 ἀποσπωμένων
615 2476 726 2533 συνέβαινε
746 2480 796 2532 τοὺς

48 2539 176 2597 &vaporem
185 2543 239 2598 μετὰ
249 2540 342 2601 μεγάλης
352 2541 457 2601 τιμωρίας
467 2544 572 2601 τελευτᾷν,
587 2546 697 2588 Pausanias
704 2548 731 2589 Π.
742 2554 760 2600 1,
771 2553 795 2590 4:

48 2607 88 2656 ἄπ’
104 2608 173 2654 αἰτῶν
189 2608 256 2669 δήσας
275 2609 357 2670 ἀφῆκεν
377 2609 404 2654 ἂν
423 2612 451 2654 τὰ
470 2611 547 2669 δένδρα
562 2609 606 2655 ἅνω
621 2613 741 2672 φέρεσθαι·
763 2616 797 2659 ἕν-

48 2685 122 2725 tarra
138 2678 256 2737 ἑκατέρα
275 2684 327 2723 τῶν
341 2677 445 2723 πιτύων
461 2680 499 2725 τὸν
514 2680 609 2724 δεθέντα
622 2682 658 2725 ἐπ’
675 2679 728 2743 adop
742 2679 797 2729 εἷλκε

65 2763 138 2791 vstris.
638 2759 648 2795 1
