1780 2936
407 129 463 174 Caput
474 130 497 164 Π,
800 122 827 160 37

82 238 162 290 quidem
182 239 220 278 loci
241 239 339 278 rationem
358 237 427 278 haberi
450 237 538 290 oportuit
556 250 569 275 a
587 237 687 276 Bccharto
708 236 723 276 Ι.
747 235 826 277 Hieron.

82 306 120 346 IH.
137 310 169 348 30.
186 322 205 360 p.
217 310 258 348 982
274 323 302 360 sq.
323 309 372 347 conf.
392 307 469 346 Aeliau.
484 306 532 347 Nat.
547 306 612 345 Auim
623 305 650 347 X.
662 310 694 346 16.
708 319 728 358 p.
740 308 788 355 226,
800 306 826 356 6).

152 377 228 417 Verum
243 378 368 417 commodum
383 379 414 416 est
428 378 449 416 in
459 375 547 415 medium
562 374 640 424 afferre,
653 388 711 428 quern
723 388 786 428 supra
795 375 825 414 iu-

82 446 157 497 dicavi,
177 447 243 486 locum
257 447 369 485 Pausaniae
384 447 474 485 monstra
489 445 568 484 Phaeae
584 444 655 484 similia
669 445 700 484 his
715 445 825 498 complexi:

82 513 153 571 Κρησὶ
168 513 205 571 τὴν
220 516 256 571 νῆν
268 540 278 544 -
289 514 388 567 ταῦρος
403 509 534 566 ἐλυμαίνετο.
564 507 639 553 Πάλαι
654 510 677 553 δὲ
693 509 735 567 ἄρα
744 511 771 553 ιὰ
781 515 825 570 θη·

82 580 119 638 oio
143 581 282 640 φοβερώτερα
306 577 330 638 ἦν
354 584 401 632 ταῖς
425 577 564 637 ἀνθρώποις,
582 578 612 630 ὠς
631 577 643 621 ὅ
662 580 680 621 τ’
693 579 714 621 ἐν
733 581 825 639 Νεμέα

81 649 146 693 λεάιν
161 649 197 692 καὶ
213 647 361 706 ὁΠαρνασιος
375 648 412 692 καὶ
428 646 542 706 δράκοντες
553 652 591 707 τῆς
602 645 702 699 Ἑλλάδος
717 649 824 702 πολλαχοῦ

81 719 118 761 καὶ
137 714 166 769 ὗς
184 716 237 775 περί
256 734 279 761 νε
296 720 414 767 Καλυδῶνα
433 718 469 761 καὶ
482 712 613 774 Ἐρύμανθον
632 717 668 760 καὶ
683 720 730 776 τῆς
745 722 825 775 Κοριν-

82 785 137 838 θίας
152 785 178 829 ἐν
193 790 352 842 Inceptum·
373 786 428 831 tiiore
443 786 480 830 καὶ
495 787 579 843 ἐλέγετο
594 787 621 829 τα
636 787 675 841 μὲν
691 781 772 829 ἀνιέναι
787 787 825 845 τὴν

81 860 128 914 γῆν,
145 851 172 898 να
187 856 211 899 δὲ
225 855 254 908 [ὃς
269 854 317 910 ἱερὰ
332 854 365 914 εἴη
380 859 448 909 θεῶν,
464 855 491 898 τὰ
506 855 530 899 δὲ
544 854 582 899 καὶ
592 855 614 907 ἐς
624 854 728 911 τιμωρίαν
738 853 826 912 ἀνθρώ-

81 942 130 968 πων
143 923 263 984 ἀφεῖσθαι,
286 942 299 968 a
314 942 352 981 quo
367 928 410 969 loco
426 929 542 982 perveniam
564 928 589 967 ad
605 927 759 968 LAOTANTH
779 941 826 968 eum

80 999 155 1049 locum,
177 999 210 1051 qui
224 999 294 1038 estde
309 998 440 1038 Nemeaeo
460 999 536 1038 leone
555 999 577 1036 et
595 996 719 1037 Cretensi
739 1000 824 1049 tauro,

80 1066 175 1106 monstris
196 1067 221 1106 de
241 1068 343 1107 lunaribus
364 1067 415 1120 polis
436 1067 495 1117 ortis,
517 1068 537 1106 et
558 1067 699 1119 explicandum
719 1069 740 1105 et
753 1080 825 1119 perpo-

80 1136 173 1176 lieudum.
205 1136 237 1176 Sic
250 1138 318 1176 autem
333 1137 351 1175 is
366 1137 453 1189 scriptus
468 1134 545 1188 legitur
558 1137 579 1175 iu
595 1135 644 1175 Stat.
662 1135 723 1174 Theb.
733 1135 761 1174 H.
773 1138 810 1176 58:

111 1204 225 1257 Philosophi
244 1206 312 1244 lunam
330 1218 376 1244 esse
391 1207 466 1244 terram
484 1205 562 1255 dicunt,
587 1218 638 1256 quae
660 1205 712 1243 circa
733 1207 824 1243 nostium

109 1273 147 1312 hoc
165 1273 230 1313 solum
248 1274 320 1313 circulo
337 1274 408 1313 altiore
423 1286 523 1327 suspensa
536 1277 572 1312 est.
602 1273 659 1312 Haec
675 1276 743 1312 autem
759 1275 825 1313 omnia

111 1354 194 1395 corpora
206 1343 282 1394 gignit,
296 1345 366 1395 utpote
381 1356 432 1395 quae
448 1343 514 1382 vicina
524 1344 551 1381 sit
561 1343 621 1381 coelo,
648 1343 722 1382 Poetae
738 1343 825 1395 denique

111 1424 180 1450 omnes
200 1415 294 1451 asserunt
307 1413 385 1451 leonem
398 1413 423 1450 cle
438 1412 469 1451 his
488 1412 539 1464 polis
554 1414 631 1460 ortum,
653 1425 712 1464 quem
726 1412 825 1451 Hercules

110 1482 231 1533 prostrauit,
247 1484 271 1520 ut
284 1482 345 1521 etiam
359 1480 459 1534 Olympus
475 1482 512 1531 ait,
532 1482 590 1538 quasi
604 1481 708 1533 proximus
725 1480 751 1520 sit
764 1481 825 1520 terris

112 1551 132 1588 et
148 1550 237 1589 ultimus,
267 1550 297 1589 De
316 1551 382 1590 lunari
402 1554 470 1590 autem
489 1551 548 1602 globo
563 1550 616 1602 apud
630 1551 744 1589 mortalium
760 1564 825 1601 genus

112 1619 162 1657 caeli
176 1620 228 1658 ratio
242 1620 352 1671 ignoratur.
382 1620 490 1659 Leviorem
509 1619 655 1671 perstringam,
677 1619 730 1672 quod
744 1619 826 1659 hoc‘tli-

111 1688 181 1727 vinum
193 1689 261 1727 lumen
274 1690 351 1728 animas
365 1694 406 1727 tam
422 1690 447 1727 de
464 1689 524 1728 astris
539 1689 641 1737 omnibus,
658 1702 717 1741 quam
733 1689 757 1728 de
773 1689 826 1728 omui

111 1758 196 1796 materia
215 1759 284 1797 muudi
303 1759 405 1797 subtracta
425 1760 483 1810 parte
503 1771 591 1810 superna
607 1758 682 1810 excipit
696 1760 717 1797 et
731 1758 827 1810 decerpit,

113 1827 170 1879 quasi
187 1827 264 1878 lunam,
285 1838 336 1879 quae
356 1830 427 1880 postea
448 1828 480 1866 ter
494 1827 559 1879 qrriuis
572 1827 652 1877 diebus,
672 1829 695 1866 ut
711 1827 826 1878 collegerat,

111 1896 195 1935 totidem
209 1897 298 1936 refundit
312 1897 333 1935 iu
347 1896 435 1936 fratrem.

84 1965 143 2010 Quae
164 1966 245 2016 singula
264 1967 371 2018 explorare
390 1968 411 2006 et
425 1966 518 2005 subtilius
532 1978 652 2018 percensere
664 1966 711 2005 licet
726 1965 827 2017 exemplo-

83 2048 129 2073 rum
146 2034 280 2086 Lindenbrog.
302 2035 345 2086 (l),
365 2034 422 2075 (huc.
438 2037 487 2086 (n),
507 2035 610 2075 Veeuhus.
631 2036 673 2088 (p.)
695 2037 715 2075 et
737 2035 827 2075 codicum

83 2102 234 2143 Monacensium
244 2104 298 2155 (AB)
308 2105 330 2143 et
338 2104 399 2160 Regii
410 2104 443 2155 (L)
454 2105 515 2143 fidem
524 2105 656 2156 exigentibus.
673 2104 751 2144 Tenent
759 2106 828 2143 autem

84 2173 235 2226 philosophi
249 2174 284 2228 lnp
299 2174 323 2212 A.
343 2173 394 2226 phy
408 2173 431 2213 B.
447 2174 468 2213 id
483 2177 515 2213 est
530 2174 648 2226 physici,
669 2176 692 2213 ut
706 2174 758 2213 iufra
771 2177 826 2227 pan

85 2241 167 2282 dicetur.
186 2243 272 2282 lunam
288 2242 362 2282 omittit
376 2257 395 2295 p.
413 2256 471 2282 esse
490 2246 586 2283 terram
597 2244 637 2296 lup.
654 2245 752 2283 terram
767 2256 828 2283 esse

84 2310 127 2350 AB.
147 2324 207 2350 esse
227 2312 252 2350 iu
272 2313 346 2351 terra
365 2313 463 2365 scriptum
482 2312 540 2352 affert
556 2312 629 2362 Ianus,
649 2314 683 2365 qui
701 2314 721 2352 iu
739 2313 828 2353 llacroh

85 2378 152 2420 Somu.
163 2379 215 2433 Scip.
225 2382 241 2421 I.
253 2384 286 2431 11,
298 2384 315 2420 7.
329 2394 347 2434 p.
360 2385 397 2422 59:
412 2383 496 2431 „lunam
509 2382 656 2421 aetheriam
668 2385 766 2421 terram
779 2383 830 2435 phy-

86 2448 121 2487 sici
141 2453 281 2490 vocaveruut“
295 2452 345 2490 haec
359 2452 474 2491 adnotavit:
489 2451 608 2501 „Portemus
624 2451 700 2490 content
715 2465 729 2491 c.
742 2455 830 2502 19,1Ο;

84 2517 153 2556 lunam
164 2532 242 2572 quoque
251 2521 360 2570 terram,
376 2522 412 2560 sed
423 2522 567 2561 aetheriam
579 2523 748 2561 uocauerunt.
774 2521 832 2561 ldem

85 2586 148 2626 latere
166 2589 226 2639 putat
245 2590 266 2627 iu
280 2589 357 2629 Lutatii
375 2590 513 2630 adnotatione:
532 2590 645 2642 philosophi
663 2591 731 2630 lunam
746 2604 792 2631 esse
806 2592 832 2630 in

85 2658 160 2695 terra
183 2657 273 2696 dicuut.“
308 2658 423 2708 immerito,
441 2663 465 2699 ut
485 2661 574 2710 arguunt
593 2660 656 2698 uerba
675 2661 767 2713 proxime
786 2662 831 2699 sub-

83 2726 147 2778 jecta:
173 2739 241 2779 „quae
265 2727 362 2767 circulo
388 2729 485 2768 altiore
512 2731 721 2780 suspensaest.“
761 2728 833 2769 Omisit

86 2799 154 2835 autem
167 2795 229 2836 lanus
245 2796 336 2837 eiusdem
348 2796 446 2838 Macrobii
460 2800 523 2838 verba
532 2796 549 2837 Ι,
561 2800 594 2848 11,
606 2800 628 2839 8;
647 2801 685 2849 „ut
699 2800 726 2839 sit
738 2799 787 2838 luna
797 2813 833 2852 pro
