1780 2936
414 125 470 169 Caput
480 126 495 159 Ι.
814 118 825 154 7

80 231 115 283 qui
133 231 173 271 iter
192 230 309 284 gradientes
330 233 425 284 cogebat,
453 232 477 271 ut
494 242 562 270 secum
582 229 672 269 arborem
693 230 778 282 pinum
800 231 825 271 ad

80 301 155 340 terram
172 300 286 341 flecterent:
307 314 367 353 quam
382 300 417 352 qni
432 293 477 339 cum
491 312 515 339 eo
531 298 650 350 prenderat,
665 298 699 338 ille
714 312 759 340 eam
774 299 821 339 riri-

80 368 117 408 bus
135 367 240 409 missam
260 368 385 416 faciebat3
409 368 438 407 ita
455 368 481 407 ad
497 369 573 406 terram
591 367 682 418 graviter
705 368 823 408 elideba-

79 440 121 477 tur
137 439 163 477 et
179 437 301 491 peribat“
318 438 339 476 et
353 436 470 489 Apollodori
486 435 523 475 lH.
540 439 576 484 16,
593 438 610 475 2.
623 449 642 487 p.
658 439 709 485 123,
726 439 748 478 5:
763 432 823 485 Σίνις

78 529 107 535 -
127 498 301 560 Πιτοοκόιιπτης
320 500 459 545 ἐπεκαλεῖτο·
487 499 551 545 οἰκῶν
576 500 616 558 ’γὰρ
636 500 674 545 τὸν
695 500 822 559 Κορινθίων

79 568 161 625 ἰσθμόν
176 566 278 628 ἠνάγκαζε
292 569 341 622 τοὺς
356 567 475 627 παριόντας
491 568 555 621 πίτνς
569 566 709 624 κάμπτοντας
725 564 821 623 ἀνέχε-

78 643 159 682 aaut·
174 636 195 681 ot
206 638 325 697 δὲδιὰτὴν
340 636 490 682 ἀσθένειαν
506 636 552 681 οὖν
567 633 697 696 ἠδύναντο
713 635 821 694 κάμπτειν

77 706 114 750 καὶ
133 705 178 750 ὑπὸ
199 711 242 750 τῶν
263 706 355 764 δένδρων
374 703 566 765 ἀναρριπτούμενοι
582 705 731 763 πανωλέθρως
745 703 821 749 ἀπώλ-

77 775 139 818 λνντο
164 778 245 830 (quibus
264 779 314 818 locis
335 792 396 831 quum
417 791 458 818 non
478 778 532 818 desit
552 778 664 817 sententiae
681 778 822 831 perspicuitas,

76 848 184 887 verborum
203 832 282 898 tanien,
302 848 360 887 utin
375 861 417 900 cap.
431 847 465 888 HI
479 848 567 897 dicetur,
587 846 645 886 deest
663 847 779 897 integritas)
800 848 820 885 et

77 914 200 956 Scholiastae
214 916 469 968 LueianiIov.T1·ag.21.
484 930 503 969 p.
515 918 562 955 249.
578 915 623 956 Vol.
636 915 678 956 VI:
693 911 819 967 Πιτυοκάμ-

75 998 132 1039 πτης
144 1009 172 1013 -
187 980 285 1036 {tapam
299 980 380 1025 πίτνν
397 981 433 1024 καί
443 976 547 1040 ἠνάγκαζε
557 981 608 1032 τούς
618 977 740 1037 παριόντας
754 998 819 1037 κρα-

75 1053 143 1104 τεῖν,
161 1048 182 1093 οὶ
199 1049 223 1094 δὲ
236 1047 409 1108 μετεωριζόμενοι
425 1048 556 1094 ancillata.
582 1052 675 1105 Apposui
684 1054 752 1091 autem
762 1053 818 1102 haec,

76 1135 114 1173 quo
135 1121 195 1161 simul
214 1122 246 1171 id,
268 1122 321 1173 quod
335 1123 417 1162 brevius
433 1122 553 1174 perstrinxit
567 1121 691 1160 alunokerus
706 1121 727 1159 in
741 1120 819 1173 Hygin.

76 1193 109 1230 38.
121 1204 140 1242 p.
158 1192 204 1229 100.
219 1192 260 1228 not.
276 1193 288 1230 3
304 1191 326 1234 et
341 1192 364 1239 4,
383 1190 462 1242 planius
482 1191 630 1242 intelligeretur
646 1189 726 1229 differre
742 1189 819 1243 aliquid

75 1258 121 1307 (vid.
135 1270 176 1310 cap.
189 1257 231 1308 ΠΙ)
246 1258 299 1297 iuter
312 1258 349 1297 hos
364 1259 471 1311 scriptores
486 1261 508 1298 et
521 1258 631 1298 Diodorum
646 1259 747 1311 aliosque,
767 1271 819 1310 qnos

75 1338 137 1380 supra
148 1330 189 1378 p.1
206 1325 315 1365 attulimus.
344 1326 422 1366 Verum
438 1327 562 1379 quantalibet
576 1327 712 1379 discrepantia
727 1327 757 1365 rei
771 1339 817 1366 con-

74 1395 160 1448 cipietur
177 1395 251 1441 animo,
278 1408 319 1434 non
337 1395 404 1435 hercle
425 1407 449 1435 ea
469 1395 604 1448 discrepantia
625 1397 704 1435 tantum
722 1406 818 1446 nmquam

71 1464 161 1506 valuisse
174 1463 284 1512 videbitur,
297 1466 320 1502 ut
334 1463 375 1503 iam
389 1464 429 1503 duo
442 1465 532 1504 latrones
548 1465 688 1516 acciperentur
702 1463 779 1502 narrari
793 1465 818 1502 ut

72 1532 165 1571 similium
179 1532 208 1571 ita
223 1519 340 1582 dignorum,
363 1546 414 1584 qnae
434 1532 551 1585 Propertius
572 1532 675 1571 dirimeret
690 1530 816 1590 Scironidum

71 1601 175 1652 petrarum
193 1599 303 1649 mentione,
326 1601 469 1653 suppliciorum
484 1601 578 1640 extitisse
593 1602 690 1640 auctores.
722 1599 817 1641 Ceterum

71 1669 166 1707 constans
180 1668 232 1706 tama
246 1669 278 1706 est
294 1666 419 1720 Cercyonem
433 1668 552 1708 Eleusinem
571 1668 637 1720 (Ouid.
652 1669 692 1716 Ην,
709 1668 817 1717 Plutarch„

71 1734 128 1774 Diod.
141 1734 161 1773 ll
177 1735 220 1783 dd,
247 1735 311 1775 Schol.
324 1736 374 1776 Plat.
389 1737 402 1776 l.
418 1737 470 1777 intra
489 1736 551 1784 affer.)
573 1740 635 1788 atque
653 1737 775 1777 Eleutheras
795 1741 817 1777 et

71 1802 115 1843 loca
131 1802 271 1844 Cithaeronem
285 1804 397 1845 adiacentia
412 1805 459 1856 (oid.
475 1805 536 1844 Theb.
549 1805 647 1845 Paradox.
662 1805 689 1844 Π.
705 1808 723 1844 2.
736 1820 755 1858 p.
767 1808 815 1845 281.

72 1873 116 1911 add.
132 1871 190 1911 Orid.
205 1873 235 1913 lb.
245 1887 264 1912 v.
275 1876 323 1913 409.
340 1872 405 1913 Schol.
420 1874 502 1914 Lucian.
515 1875 529 1913 l
541 1875 568 1926 d.)
582 1875 611 1914 ita
625 1874 720 1913 habuisse
735 1875 815 1923 infesta,

70 1942 95 1980 nt
119 1953 169 1993 quos
194 1943 230 1981 aut
252 1942 346 1982 luctando
371 1945 490 1995 superasset
514 1947 549 1983 aut
569 1944 589 1983 in
611 1945 713 1982 certamen
733 1944 814 1996 adigere

71 2009 185 2061 nequisset,
198 2009 333 2050 interimeret:
349 2012 413 2051 testes
426 2013 508 2064 praeter
517 2025 564 2062 eos,
579 2025 628 2064 quos
639 2000 750 2052 attulerunt
763 2012 814 2053 Bar·

71 2078 126 2117 thius
140 2077 161 2115 in
177 2077 226 2116 Stat.
239 2077 285 2118 Teb.
296 2078 347 2118 ΧΠ.
358 2082 406 2119 577,
421 2093 440 2132 p.
452 2082 514 2119 1525.
529 2080 644 2132 Leopoldus
654 2081 666 2118 l.
677 2080 695 2119 d.
707 2083 739 2119 11.
750 2094 768 2132 p.
780 2084 813 2120 23.

71 2145 142 2185 Astius
160 2145 181 2183 in
201 2145 251 2185 Plat.
266 2147 331 2199 Legg.
347 2148 407 2188 VIII.
423 2151 441 2188 6.
458 2163 477 2202 p.
495 2152 547 2198 351,
568 2150 616 2188 sunt
631 2147 754 2192 Scholiastae
770 2149 814 2189 Pla-

71 2214 124 2254 tonis
138 2226 157 2265 p.
168 2214 222 2262 4522
235 2212 285 2263 τοί-ς
299 2211 419 2269 παριόντας
434 2208 536 2272 ἠνάγκαζε
549 2212 651 2257 παλαίειν
665 2213 701 2256 καί
715 2213 815 2258 παλαίων

71 2276 152 2336 ιλνῄρεν
184 2279 265 2337 Θησεὺς
286 2281 304 2323 δ’
320 2280 342 2322 ἐν
360 2277 467 2327 Ἐλευσῖνι,
483 2282 584 2325 παλαίων
606 2308 629 2312 ·-
652 2277 778 2326 ιῖπέκτεινιν
793 2290 814 2326 et

71 2349 152 2388 anian.
166 2350 179 2388 l.
195 2350 222 2390 d:
244 2346 255 2390 ὁ
277 2348 301 2391 δὲ
317 2349 418 2405 rescat-ov
434 2376 463 2382 ἡ
478 2348 553 2401 ίίόικος
573 2346 597 2408 ἦν
617 2347 699 2392 πόλλα
718 2349 751 2402 εἷς
765 2351 815 2403 τοὺς

72 2414 144 2467 ξένους
164 2415 200 2457 καί
222 2415 324 2459 παλαίειν
345 2412 449 2474 ἠνάγκασε
469 2418 506 2461 ναί
527 2419 565 2461 τὸν
585 2413 609 2460 οὗ
623 2415 754 2472 βουλόμενον
769 2419 814 2463 ὄιέ-

71 2488 150 2541 φθειρε
166 2483 203 2526 καὶ
219 2482 231 2526 ό
245 2484 326 2538 τόπος,
343 2484 366 2527 ἐν
381 2480 399 2543 ᾦ
415 2483 476 2543 ᾤκει,
493 2485 586 2543 πλησίον
600 2480 741 2543 Ἐλευθερῶν,
763 2505 814 2544 quae

72 2557 152 2607 sumpta
167 2555 215 2592 sunt
228 2555 254 2593 de
268 2556 379 2596 Pausaniae
393 2558 437 2596 loco
451 2557 467 2597 Ι.
483 2561 519 2606 39,
536 2560 560 2597 3:
576 2549 631 2597 εἶναι
647 2554 671 2598 δὲ
687 2553 698 2598 ὁ
714 2555 815 2614 Κερκνιόν

71 2620 156 2676 λέγεται
176 2618 213 2662 καὶ
233 2619 261 2662 τὰ
275 2619 330 2664 dira
344 2619 419 2674 ἕλὸικος
434 2622 456 2674 ἐς
471 2623 520 2675 τοὺς
535 2621 606 2674 ξένοις
620 2622 658 2666 καί
673 2622 775 2667 παλαίειν
791 2619 816 2666 οὗ

72 2680 211 2745 βονλομίνοιῖς
232 2687 267 2731 καὶ
289 2686 300 2731 ὁ
321 2686 390 2741 τόπος
411 2684 474 2742 οὗτος
495 2689 657 2748 παλαίστρα
679 2691 715 2733 καὶ
737 2691 759 2744 ἒς
778 2690 815 2746 ἐμὲ
