1780 2885
124 101 138 137 4
453 105 509 149 Caput
521 106 536 139 I.

124 215 176 254 Iuno
190 212 211 252 in
225 224 307 252 raeeam
321 213 401 251 mutare
415 210 488 259 valuit;
502 209 534 249 hie
549 205 572 250 tu
587 210 681 250 facillime
697 212 773 252 iubes
789 210 867 252 Grae-

125 295 169 323 eos
184 282 210 320 et
224 279 361 320 Seironias
376 292 455 332 rupes
468 277 484 331 ¹)
500 280 525 319 et
539 278 700 319 Isthmiaeas
715 281 791 333 pinos
807 292 867 319 suas

127 349 178 391 sibi
201 349 306 388 habere:
330 348 351 388 in
375 348 413 388 hae
432 348 496 400 igitur
515 348 649 401 pulcherrima
668 349 716 388 sede
734 348 779 398 tihi,
803 348 868 397 Tulle,

126 422 189 460 honos
204 418 305 470 petendus
319 420 361 457 est:

302 485 367 524 sinis
381 508 411 514 —
425 498 466 524 nou
481 485 561 537 hospita
574 484 650 525 Grais

207 554 270 598 ,Saxa
282 555 304 593 et
320 557 413 593 curvatas
428 554 449 592 in
463 566 500 592 sua
514 555 556 593 fata
571 554 644 594 trabes.

128 625 157 666 Ut
170 625 210 663 iam
225 624 301 662 eertum
316 623 422 673 ratumque
439 622 475 671 sit,
496 623 549 674 quod
562 622 660 675 propositi
674 624 749 663 formae
764 623 868 663 eonsenta-

128 705 188 732 neum
207 703 253 730 esse
272 690 448 729 intellexeramus:
469 690 508 729 diei
527 703 539 730 a
559 692 620 743 poeta
638 692 706 731 trahes
720 692 742 731 in
756 690 868 732 Craeeo-

128 774 182 801 rum
195 760 249 798 fata
259 760 353 797 curvatas
365 759 423 809 (conf.
435 756 493 798 Cvid.
504 758 559 799 Fast.
570 758 608 799 III.
619 760 772 799 5462111110-
782 758 869 798 Arserat

130 826 239 867 exstructis
256 826 282 864 in
296 839 343 865 sua
360 827 415 865 fata
432 826 499 877 rogis,
518 839 542 866 ae
554 827 668 866 Nemesian.
684 827 747 867 Laud.
760 827 820 867 Here.
831 829 869 866 43:

130 908 207 947 angues
222 894 336 945 miseroque
351 895 418 933 furore
434 894 462 933 In
479 907 523 934 sua
538 896 549 934 f
551 897 593 935 ata
607 896 690 935 tument.
720 896 788 935 Valer.
802 895 869 935 Flaee.

129 964 165 1004 IV.
177 965 229 1002 597:
244 961 322 1014 Linque
332 975 416 1014 gravem
425 963 508 1001 fiuvium
524 964 545 1002 et
557 963 635 1003 miseris
651 977 697 1003 sua
716 965 770 1003 fata
788 964 869 1003 colonis.

129 1046 153 1073 ae
176 1030 214 1071 Cir.
234 1044 253 1070 v.
268 1033 323 1070 464:
352 1031 452 1070 Praeterit
474 1031 570 1083 abruptas
591 1029 678 1070 Scironis
701 1032 793 1083 protinus
812 1043 869 1071 arees

129 1100 268 1150 Infestumque
289 1098 343 1138 suis
361 1098 416 1137 dirae
431 1098 539 1138 testudinis
554 1098 597 1138 exit
613 1097 721 1151 Spelaeum
735 1100 869 1151 multoque

129 1169 224 1208 eruentae
246 1166 351 1219 hospite
371 1168 454 1215 nautes).
491 1164 520 1206 Ut
542 1169 610 1206 autem
634 1167 761 1218 apertissima
786 1180 819 1206 res
838 1168 869 1205 tot

129 1237 233 1276 'doctorum
246 1235 309 1273 aciem
325 1234 414 1285 fugeret,
435 1234 511 1273 laetum
529 1235 561 1273 est
575 1234 681 1273 insolentia
696 1234 753 1273 verbi
771 1235 869 1284 sinere,

130 1305 182 1359 quod
200 1304 222 1343 in
243 1316 267 1342 ea
285 1302 395 1352 sententia,
416 1301 437 1340 in
456 1314 495 1353 qua
514 1298 551 1357 ἕᾷν
571 1314 616 1341 eum
637 1302 661 1341 ab
678 1301 723 1341 aliis
738 1304 781 1342 tum
796 1315 808 1342 a
823 1301 869 1341 Plu-

128 1373 197 1413 tareho
212 1370 360 1423 Apophthegm.
374 1370 448 1409 Laeon.
462 1383 480 1422 p.
496 1373 543 1410 238.
557 1371 597 1410 Vol
611 1369 675 1409 VIII:
684 1362 809 1426 Ἀθηναίων
822 1362 870 1419 ἄξι-

129 1436 217 1490 ούντων,
239 1434 275 1479 ὅτε
297 1434 426 1492 παρέδωκαν
446 1434 471 1477 τὸ
493 1432 556 1489 itero,
581 1431 669 1488 Σάμον
690 1429 786 1486 αὐτοῖς
804 1433 869 1489 μόνον

128 1505 208 1548 ἐᾶσαι
223 1506 309 1559 positum
325 1519 370 1545 esse
385 1508 459 1545 norunt
475 1505 644 1558 Wyttenbaehius
659 1505 679 1544 in
689 1519 708 1558 p.
719 1508 766 1545 233.
781 1505 805 1544 D.
820 1503 869 1543 Ani-

127 1576 207 1617 madrv.
221 1589 240 1627 p.
255 1577 316 1614 1194.
330 1574 457 1613 §chaereas
472 1574 493 1612 in
506 1572 565 1627 Soph.
581 1572 630 1613 Oed.
646 1573 687 1614 Col.
703 1576 750 1613 367.
763 1587 782 1625 p.
797 1575 823 1612 37
839 1585 868 1622 sq.

128 1645 151 1684 L.
165 1643 281 1682 Dindorfius
291 1641 360 1695 Steph.
375 1642 433 1681 Thes.
442 1641 481 1681 III.
495 1656 514 1694 p.
525 1645 559 1682 15.
568 1641 592 1681 A.
604 1642 649 1682 add.
663 1641 727 1682 Sohol.
739 1641 797 1681 Hom.
806 1640 830 1679 II.
840 1639 868 1679 II.

130 1715 178 1753 724.
189 1725 208 1764 p.
219 1714 257 1759 90,
268 1714 290 1750 6:
299 1705 351 1759 τόξα
361 1706 455 1750 ἐαθέντα
467 1703 526 1763 αὐτῷ
537 1703 675 1764 (Φιλοκτήτῃ)
687 1705 731 1749 ὑπὸ
738 1703 870 1762 Ἡρακλέους

130 1779 187 1832 (conf.
199 1778 260 1818 Antlr.
271 1778 312 1817 Pal.
323 1778 362 1817 HI.
376 1779 413 1826 14,
431 1781 448 1817 3.
464 1791 483 1829 p.
494 1780 530 1817 63:
546 1773 614 1832 θηρσὶ
623 1775 646 1816 de
660 1773 740 1831 βοῤῥαν
749 1772 795 1815 Καὶ
810 1788 869 1814 πτα-

127 1848 173 1896 νοῖς
183 1843 222 1887 ἐπὶ
236 1849 263 1901 νζ(
275 1841 350 1886 εἴασε
361 1845 396 1884 νῦν
410 1840 481 1893 ὁσίως.
512 1845 576 1884 Noun.
587 1844 625 1886 XI.
637 1847 684 1884 346.
695 1858 714 1896 p.
726 1846 780 1893 316,
793 1845 816 1883 4:
831 1834 869 1892 erip

127 1913 164 1956 ἕνα
176 1916 253 1966 μοῦνον
267 1908 353 1953 actaeo
363 1906 457 1967 Κάπρον
466 1909 497 1953 ἔτι
511 1907 592 1963 ζώοντα
603 1908 780 1964 λελειμμένον
789 1903 868 1960 'Iope-

127 1979 196 2038 αι’ρῃ,
213 1982 293 2022 11433,
308 1996 327 2034 p.
340 1983 392 2030 166,
404 1984 427 2020 4:
441 1977 583 2034 χαμαιγενέας
593 1976 617 2020 δὲ
628 1982 729 2033 γοναῖκας
738 1973 869 2033 Καλλείψας

128 2042 390 2105 ἑοέροιοιν-Ἇθανάνην
399 2042 508 2104 ἕποθηοα.
521 2048 782 2101 Ρ111οο11.11οος.11,22.ο.
792 2049 867 2097 90,25:

175 2222 192 2264 1)
204 2222 261 2254 Verba
273 2231 316 2251 nen
327 2219 421 2260 hospita
433 2238 455 2242 -
474 2230 527 2251 saxa
542 2220 561 2251 in
571 2219 629 2251 eadem
642 2220 680 2251 sede
692 2220 749 2260 posita
759 2220 868 2252 inveniuntur

127 2279 172 2322 apud
185 2278 295 2309 Claudianum
309 2277 351 2308 Bell.
365 2277 401 2306 Get.
414 2279 457 2307 218:
476 2276 596 2318 „Sardoosque
608 2276 685 2307 hahitare
697 2277 744 2307 sinus
756 2279 773 2308 et
786 2276 867 2308 inhos-

126 2334 174 2376 pita
186 2332 238 2375 Cyrni
250 2333 305 2365 Saxa
316 2334 377 2374 parant
384 2331 401 2372 ‚“
415 2332 444 2364 ubi
457 2343 498 2374 quae
511 2333 585 2365 cernitur
594 2332 670 2364 eudieum
678 2330 777 2365 diversitas:
791 2332 867 2376 Cypri,

126 2402 145 2424 ea
162 2389 230 2432 egregie
245 2389 346 2431 suffragatur
364 2387 435 2420 consilio
453 2390 511 2421 nostro
528 2389 547 2421 in
562 2387 635 2423 Vatie.
652 2387 757 2422 Proverh.
769 2389 867 2432 Append.

124 2446 148 2480 H.
161 2449 188 2479 30.
200 2456 217 2487 p.
231 2448 273 2478 286:
288 2442 378 2489 Μαξᾳιος
390 2462 413 2467 —
425 2446 532 2481 πιστευθεὶς
544 2443 644 2491 Κύπρον
656 2445 687 2477 καὶ
696 2444 765 2494 Σαρδώ
776 2443 867 2489 reparandi

125 2502 198 2536 nominis
214 2499 314 2549 Κύρνον.
344 2500 393 2537 Quod
414 2501 481 2543 quidem
502 2501 592 2533 eonsilium
608 2501 729 2543 proposuimus
744 2503 763 2534 in
780 2501 867 2534 Muetnelli

125 2558 184 2591 Diurn.
200 2558 231 2590 IX.
251 2557 319 2601 (1855)
337 2569 353 2599 p.
367 2561 400 2589 217
414 2557 432 2588 id
445 2558 552 2599 consequuti,
568 2561 587 2589 ut
604 2557 712 2590 Ciceroni
729 2559 757 2590 Or.
773 2569 804 2599 pro
822 2556 868 2588 Sext.

125 2614 174 2648 VIII.
184 2618 204 2647 le
218 2614 259 2646 haee
270 2612 389 2645 redderentur:
409 2614 444 2653 „ut
457 2612 488 2644 illo
502 2613 593 2654 supercilio
605 2613 690 2645 Maximus
702 2613 732 2646 ille
744 2613 790 2647 rinei
801 2611 867 2645 videre-

124 2667 166 2703 tur“
177 2670 212 2702 sire
224 2669 285 2703 mavis:
300 2669 383 2701 Maximus
395 2669 445 2711 ipse
458 2669 484 2702 rel
496 2669 546 2711 ipso
560 2669 657 2712 supercilio.
