1780 2936
430 94 486 138 Caput
497 95 527 128 lV.
582 86 584 88 ¹
827 85 852 121 ῨῙ

107 218 154 245 narn
168 204 274 245 Frischlini
295 204 398 245 consilium
418 202 517 242 vertentis
539 200 763 240 eruoosanniones
784 201 804 238 et
821 200 854 239 alii

106 275 245 328 improbarunt
257 276 278 315 et
288 273 454 314 Hcmsterlmsius
469 287 488 325 p.
501 272 553 311 225:
569 272 629 320 „sunt
640 284 688 310 sane
700 265 852 319 mtaocacturrcu

107 358 172 396 genus
189 358 295 385 erucarum
309 359 336 384 ex
352 357 375 383 eo
391 342 516 390 nominatae,
531 341 584 393 quod
599 340 651 392 pinis
665 340 768 379 arboribus
779 338 852 378 adhae-

106 416 169 464 reant,
185 428 270 467 quarum
284 412 376 453 meminit
385 412 435 451 Plin.
451 410 475 451 N.
489 410 515 450 H.
525 408 597 448 XXII.
610 411 628 458 2,
639 411 659 449 4,
681 408 746 448 Diosc.
758 408 851 461 Alexipb.

107 496 148 536 cap.
164 486 188 533 2,
210 484 246 523 sed
264 483 322 531 illae,
341 482 438 533 quantum
457 480 516 520 video
536 479 585 518 nihil
605 478 630 516 ad
651 477 808 531 Aristophanem
823 478 832 516 f
843 501 851 505 -

106 554 179 592 ciunt.“
207 552 307 592 Nimirum
318 549 430 589 Scholiasta
441 548 515 588 Victor.
528 549 541 587 l.
552 549 569 587 d.
581 551 617 587 19:
633 542 679 587 ἔστι
696 543 719 586 δὲ
729 543 765 586 καὶ
777 560 851 586 urano-

106 619 207 674 κάμπτης
233 616 346 674 φάρμακον
366 614 515 673 φθοροῑιοιόν,
540 618 564 656 de
585 629 623 669 quo
642 616 748 655 Dobraeus
768 629 786 667 p.
798 617 850 655 tlt:

106 721 117 739 ‚,
122 692 148 729 de
163 682 305 744 πιτυοκάμπῃ
317 689 429 727 somniabat
440 685 551 727 Graeculus
558 689 575 737 (ί,
591 687 631 725 iam
642 686 689 725 olim
698 685 761 724 fuisse
771 685 851 733 indicat,

107 759 140 812 qui
156 758 273 797 auiditatem
288 771 332 797 earu
341 757 373 796 hio
383 757 494 809 perstringi
504 756 639 809 opinarentur,
654 767 693 807 qua
704 767 765 805 quum
776 755 851 793 multae

107 817 179 866 erucae
200 827 339 866 memorabiles
360 824 516 875 uisaesint,1³)
532 826 575 864 turn
588 825 641 864 omni
656 824 751 863 memoria
765 823 850 863 infames

106 896 188 935 luerunt
206 896 286 948 Liparis
305 895 404 935 Monacba
424 897 444 933 et
464 893 603 946 Gastropacha
613 893 658 932 Pini
672 894 693 932 et
704 906 755 944 quae
768 893 849 945 proprie

106 978 159 1005 nuuc
177 964 250 1005 dicitur
272 963 380 1016 (Oohscuh.
399 963 504 1017 Lepidopt.
519 963 594 1016 Europ.
614 962 709 1002 Vciffl.
724 977 742 1015 p.
754 965 797 1002 283
813 964 849 1015 sq.)

101 1033 238 1087 Pityocanrpa.
268 1033 301 1072 Ad
320 1046 372 1085 quae
392 1045 468 1085 genera
484 1033 565 1072 uidetur
580 1034 673 1084 spectare
688 1029 848 1071 Husrofflus

101 1102 117 1142 I.
132 1117 151 1155 p.
163 1105 215 1142 114:
232 1097 413 1157 ἀεροκέλαὸοι
428 1098 628 1154 retractatam
645 1101 694 1152 (cod.
709 1094 849 1152 πιτυοκάμ-

101 1174 171 1220 ται),·
191 1172 298 1223 strepitum
317 1171 370 1210 enim
390 1173 433 1210 turn
453 1170 540 1210 assiduis
555 1171 655 1209 morsibus
672 1182 739 1209 comas
754 1170 848 1208 arborum

102 1239 265 1288 detondentium,
285 1242 329 1278 tum
344 1238 413 1278 finium
428 1239 554 1289 egerentium
570 1240 728 1291 quotusquisque
739 1239 847 1278 entornolo-

102 1320 175 1358 gorum
190 1310 221 1347 est
236 1308 270 1360 qui
286 1308 330 1361 ipse
344 1308 463 1350 nonfnorit?
495 1307 622 1360 Quamquam
639 1321 679 1347 non
692 1321 753 1347 nosse
766 1307 847 1346 ridetur

101 1376 145 1428 ipse
161 1376 283 1424 Palmerius‚
299 1378 399 1429 quatenus
409 1377 459 1415 haec
470 1377 559 1429 scripsit:
575 1376 648 1427 „Lego
660 1373 782 1427 mia-roudp
790 1389 846 1415 παι.

101 1444 154 1485 Nam
164 1458 210 1499 ⁴vox
228 1439 379 1498 dependatur,
401 1457 452 1497 quae
474 1445 574 1496 significat
592 1445 613 1484 in
633 1457 679 1484 acre
695 1446 803 1497 strepitum
818 1445 846 1483 fa-

102 1514 187 1562 cientes,
212 1513 278 1564 magis
304 1514 398 1552 conuenit
418 1514 507 1553 erucis
529 1527 575 1553 seu
593 1514 786 1565 papilionibus,
814 1513 847 1564 qui

101 1582 214 1621 rolando
234 1582 341 1633 strepitum
356 1582 429 1630 edunt,
449 1595 509 1632 quam
523 1580 586 1621 Sinidi
600 1582 774 1634 Pityocamptae.“
804 1580 847 1620 Nec

101 1663 149 1688 vero
161 1649 327 1689 dissimulandum
338 1651 369 1688 est
379 1650 556 1689 Hemsterhusium
567 1651 681 1690 confessum
688 1664 756 1690 senon
764 1662 847 1700 magno-

100 1730 149 1768 pere
166 1717 236 1766 obniti,
256 1717 273 1755 si
294 1718 337 1770 quis
354 1718 480 1758 coniecturae
496 1719 524 1757 illi
540 1720 692 1758 assentiendum
707 1732 753 1758 esse
765 1720 846 1765 statuat,

101 1785 129 1824 ita
147 1787 215 1824 tamen
234 1786 365 1825 disseruisse:
390 1787 434 1836 „ad
453 1788 548 1826 comio-am
566 1788 669 1836 facetiam,
695 1801 734 1839 qua
755 1787 845 1826 homines

100 1852 193 1892 inanibus
207 1854 228 1892 in
239 1855 300 1893 rebus
315 1855 376 1893 robur
391 1858 515 1895 ostentantes
531 1856 578 1895 dicti
588 1855 662 1895 tuerint
672 1851 845 1906 reaccenduntur,

100 1922 202 1974 pertinere
213 1936 252 1962 non
262 1924 386 1963 incommode
397 1924 461 1963 videri
471 1925 569 1977 Hesychii
581 1926 679 1976 glossam:
694 1919 844 1978 Ἀεροκέλαόοι

101 1987 268 2041 πιτυοκάμπται
294 2005 320 2031 en
344 1993 410 2032 ueteri
431 1994 516 2045 quodam
538 1994 612 2032 comico
631 1994 782 2046 depromptam,
802 1993 845 2031 siue

101 2059 220 2107 vocabulum
239 2061 346 2112 utrumque
370 2061 438 2099 demta
453 2062 580 2101 distinctione
595 2063 679 2113 iungas,
700 2062 743 2100 sire
759 2056 845 2111 clepone-

101 2124 178 2174 tuaac
207 2140 244 2179 per
271 2141 293 2166 se
323 2129 376 2167 solos
404 2129 517 2181 intelligas:
547 2134 633 2170 aerem
657 2130 846 2176 verberantes,

100 2194 210 2235 iactatis
224 2208 271 2247 per
286 2210 374 2236 aerem
389 2199 511 2238 manibus
525 2200 631 2239 inanem
647 2200 789 2251 strepitum
804 2212 846 2237 en-

101 2264 215 2302 oitantes
229 2264 263 2302 rel
278 2265 340 2304 etiam
354 2278 440 2305 aerem
455 2267 598 2319 implentes
614 2268 785 2314 clamoribus3
800 2279 847 2305 narn

100 2333 121 2371 in
133 2332 235 2384 Hesychio
245 2333 319 2372 multas
335 2346 381 2372 esse
396 2347 463 2384 uoces,
477 2338 498 2375 et
511 2337 622 2376 sententias
632 2347 780 2388 nonnunquam,
796 2347 847 2385 quae

100 2401 188 2440 additam
209 2403 397 2454 interpretationem
414 2404 502 2444 babeant
521 2406 618 2445 nullam.“
647 2405 705 2450 Quae
719 2404 786 2456 magis
802 2417 848 2457 per-

149 2530 176 2570 13)
189 2528 213 2561 Of.
225 2530 300 2564 Munass
312 2533 361 2567 Erot.
370 2532 419 2566 VIII.
429 2537 455 2565 14.
468 2545 485 2575 p.
494 2538 536 2566 391:
555 2531 636 2579 κιιμπό
643 2538 732 2577 peruror
744 2537 774 2576 τῆς
788 2532 849 2576 &pecu

100 2584 121 2620 τὸ
140 2582 210 2631 φύλλον
223 2589 340 2632 χρηματίζει.
367 2589 467 2632 Argumout.
483 2591 546 2633 Epigr.
560 2591 704 2632 AntiphanisIX.
718 2595 757 2625 256.
785 2591 849 2623 laccbs,

100 2644 147 2676 Nott.
160 2654 176 2685 p.
186 2647 227 2676 511:
239 2641 261 2676 τὸ
275 2643 361 2689 de'rdpor,
375 2641 397 2679 od
409 2645 442 2680 rba
455 2646 529 2695 καρπὸν
542 2650 562 2680 αἱ
574 2645 648 2693 κάμπτω
660 2649 777 2694 zrcrtquyor,
806 2650 850 2681 Geo-

101 2711 140 2741 pon.
149 2700 170 2734 X.
181 2703 207 2739 18,
218 2704 232 2735 l.
245 2711 261 2741 p.
271 2704 315 2734 621:
331 2702 362 2733 tou
375 2702 396 2736 dt
410 2701 436 2748 μὴ
451 2723 475 2729 -—
487 2701 554 2751 κάμπη
569 2704 625 2738 αὐτοῦ
639 2710 672 2739 rod
685 2710 758 2752 καρποῦ
768 2704 848 2747 <iuturus

101 2758 166 2791 Niclas.
177 2757 195 2790 in
207 2758 245 2792 libr.
255 2758 314 2801 ΗΒ,
323 2763 339 2792 6.
353 2770 370 2802 p.
378 2764 415 2794 418.
