<?xml version="1.0" encoding="UTF-8"?>
<!DOCTYPE html PUBLIC "-//W3C//DTD XHTML 1.0 Transitional//EN"
    "http://www.w3.org/TR/xhtml1/DTD/xhtml1-transitional.dtd">
<html xmlns="http://www.w3.org/1999/xhtml" xml:lang="en" lang="en">
 <head>
  <title>
</title>
<meta http-equiv="Content-Type" content="text/html;charset=utf-8" />
  <meta name='ocr-system' content='tesseract 3.04.00' />
  <meta name='ocr-capabilities' content='ocr_page ocr_carea ocr_par ocr_line ocrx_word'/>
</head>
<body>
  <div class='ocr_page' id='page_1' title='image "MN40028ucmf_5_0219.png"; bbox 0 0 1780 2936; ppageno 0'>
   <div class='ocr_carea' id='block_1_1' title="bbox 401 84 825 140">
    <p class='ocr_par' dir='ltr' id='par_1_1' title="bbox 401 84 825 140">
     <span class='ocr_line' id='line_1_1' title="bbox 401 84 825 140; baseline -0.017 -11"><span class='ocrx_word' id='word_1_1' title='bbox 401 96 457 140; x_wconf 79' lang='lat' dir='ltr'>Caput</span> <span class='ocrx_word' id='word_1_2' title='bbox 468 95 500 129; x_wconf 81' lang='lat' dir='ltr'>IX.</span> <span class='ocrx_word' id='word_1_3' title='bbox 784 84 825 123; x_wconf 81' lang='lat'>189</span> 
     </span>
    </p>
   </div>
   <div class='ocr_carea' id='block_1_2' title="bbox 84 200 826 258">
    <p class='ocr_par' dir='ltr' id='par_1_2' title="bbox 84 200 826 258">
     <span class='ocr_line' id='line_1_2' title="bbox 84 200 826 258; baseline -0.001 -18"><span class='ocrx_word' id='word_1_4' title='bbox 84 202 211 242; x_wconf 88' lang='lat' dir='ltr'>cruentus</span> <span class='ocrx_word' id='word_1_5' title='bbox 236 201 348 258; x_wconf 75' lang='lat' dir='ltr'>indomitus</span> <span class='ocrx_word' id='word_1_6' title='bbox 378 203 477 254; x_wconf 89' lang='lat' dir='ltr'>regnabat</span> <span class='ocrx_word' id='word_1_7' title='bbox 507 214 556 254; x_wconf 89' lang='lat' dir='ltr'>aper</span> <span class='ocrx_word' id='word_1_8' title='bbox 582 225 609 232; x_wconf 84' lang='lat'>-—</span> <span class='ocrx_word' id='word_1_9' title='bbox 634 200 826 252; x_wconf 88' lang='lat' dir='ltr'>Sternebatque</span> 
     </span>
    </p>
   </div>
   <div class='ocr_carea' id='block_1_3' title="bbox 22 270 825 324">
    <p class='ocr_par' dir='ltr' id='par_1_3' title="bbox 22 270 825 324">
     <span class='ocr_line' id='line_1_3' title="bbox 22 270 825 324; baseline -0.001 -13"><span class='ocrx_word' id='word_1_10' title='bbox 22 315 26 321; x_wconf 51' lang='grc'><em>,</em></span> <span class='ocrx_word' id='word_1_11' title='bbox 83 284 145 311; x_wconf 85' lang='lat' dir='ltr'>suos</span> <span class='ocrx_word' id='word_1_12' title='bbox 159 272 283 324; x_wconf 73' lang='lat' dir='ltr'>lugentia</span> <span class='ocrx_word' id='word_1_13' title='bbox 298 284 358 311; x_wconf 88' lang='lat' dir='ltr'>rura</span> <span class='ocrx_word' id='word_1_14' title='bbox 373 272 505 312; x_wconf 76' lang='lat' dir='ltr'>cclc.n0s.‘¹</span> <span class='ocrx_word' id='word_1_15' title='bbox 534 271 608 311; x_wconf 69' lang='lat' dir='ltr'>hlbric.</span> <span class='ocrx_word' id='word_1_16' title='bbox 623 271 675 310; x_wconf 84' lang='lat' dir='ltr'>ld:</span> <span class='ocrx_word' id='word_1_17' title='bbox 689 270 825 322; x_wconf 75' lang='lat' dir='ltr'>„sedobour-</span> 
     </span>
    </p>
   </div>
   <div class='ocr_carea' id='block_1_4' title="bbox 20 339 825 1772">
    <p class='ocr_par' dir='ltr' id='par_1_4' title="bbox 82 339 825 807">
     <span class='ocr_line' id='line_1_4' title="bbox 82 339 825 393; baseline -0.003 -13"><span class='ocrx_word' id='word_1_18' title='bbox 82 344 150 380; x_wconf 86' lang='lat' dir='ltr'>rentes</span> <span class='ocrx_word' id='word_1_19' title='bbox 167 341 282 381; x_wconf 83' lang='lat' dir='ltr'>homines</span> <span class='ocrx_word' id='word_1_20' title='bbox 298 341 392 380; x_wconf 74' lang='lat' dir='ltr'>dentibus</span> <span class='ocrx_word' id='word_1_21' title='bbox 406 340 563 380; x_wconf 76' lang='lat' dir='ltr'>lacerabat“</span> <span class='ocrx_word' id='word_1_22' title='bbox 577 340 600 379; x_wconf 81' lang='lat' dir='ltr'>cf.</span> <span class='ocrx_word' id='word_1_23' title='bbox 612 339 658 379; x_wconf 86' lang='lat' dir='ltr'>Seu.</span> <span class='ocrx_word' id='word_1_24' title='bbox 668 339 729 393; x_wconf 90' lang='lat' dir='ltr'>Hipp.</span> <span class='ocrx_word' id='word_1_25' title='bbox 745 340 757 379; x_wconf 92' lang='lat' dir='ltr'>l.</span> <span class='ocrx_word' id='word_1_26' title='bbox 772 339 825 379; x_wconf 89' lang='lat' dir='ltr'>infra</span> 
     </span>
     <span class='ocr_line' id='line_1_5' title="bbox 83 409 824 463; baseline 0 -13"><span class='ocrx_word' id='word_1_27' title='bbox 83 409 136 450; x_wconf 71' lang='lat' dir='ltr'>affer.</span> <span class='ocrx_word' id='word_1_28' title='bbox 157 413 177 450; x_wconf 85' lang='lat' dir='ltr'>et</span> <span class='ocrx_word' id='word_1_29' title='bbox 199 422 249 462; x_wconf 85' lang='lat' dir='ltr'>quae</span> <span class='ocrx_word' id='word_1_30' title='bbox 270 410 294 448; x_wconf 89' lang='lat' dir='ltr'>de</span> <span class='ocrx_word' id='word_1_31' title='bbox 312 410 380 449; x_wconf 86' lang='lat' dir='ltr'>Phaea</span> <span class='ocrx_word' id='word_1_32' title='bbox 400 411 530 463; x_wconf 82' lang='lat' dir='ltr'>exposuimus</span> <span class='ocrx_word' id='word_1_33' title='bbox 541 409 568 448; x_wconf 88' lang='grc' dir='ltr'>Π.</span> <span class='ocrx_word' id='word_1_34' title='bbox 581 413 599 448; x_wconf 80' lang='lat'>2.</span> <span class='ocrx_word' id='word_1_35' title='bbox 612 423 631 462; x_wconf 88' lang='lat' dir='ltr'>p.</span> <span class='ocrx_word' id='word_1_36' title='bbox 643 412 675 449; x_wconf 79' lang='lat'>32.</span> <span class='ocrx_word' id='word_1_37' title='bbox 687 410 705 448; x_wconf 58' lang='lat'>4⁴.</span> <span class='ocrx_word' id='word_1_38' title='bbox 720 422 739 461; x_wconf 83' lang='lat' dir='ltr'>p.</span> <span class='ocrx_word' id='word_1_39' title='bbox 751 411 778 448; x_wconf 83' lang='lat'>36</span> <span class='ocrx_word' id='word_1_40' title='bbox 794 422 824 460; x_wconf 84' lang='lat' dir='ltr'>sq.</span> 
     </span>
     <span class='ocr_line' id='line_1_6' title="bbox 82 478 823 532; baseline -0.004 -13"><span class='ocrx_word' id='word_1_41' title='bbox 82 478 140 519; x_wconf 82' lang='lat' dir='ltr'>llnde</span> <span class='ocrx_word' id='word_1_42' title='bbox 160 480 280 518; x_wconf 74' lang='lat' dir='ltr'>conueniens</span> <span class='ocrx_word' id='word_1_43' title='bbox 300 481 332 518; x_wconf 88' lang='lat' dir='ltr'>est</span> <span class='ocrx_word' id='word_1_44' title='bbox 351 480 372 517; x_wconf 89' lang='lat' dir='ltr'>et</span> <span class='ocrx_word' id='word_1_45' title='bbox 387 480 499 519; x_wconf 88' lang='lat' dir='ltr'>sententiae</span> <span class='ocrx_word' id='word_1_46' title='bbox 513 479 679 532; x_wconf 79' lang='lat' dir='ltr'>perspicuitatem</span> <span class='ocrx_word' id='word_1_47' title='bbox 693 480 714 517; x_wconf 90' lang='lat' dir='ltr'>et</span> <span class='ocrx_word' id='word_1_48' title='bbox 729 478 823 518; x_wconf 87' lang='lat' dir='ltr'>orationis</span> 
     </span>
     <span class='ocr_line' id='line_1_7' title="bbox 83 547 824 601; baseline -0.004 -13"><span class='ocrx_word' id='word_1_49' title='bbox 83 549 170 601; x_wconf 88' lang='lat' dir='ltr'>speciem</span> <span class='ocrx_word' id='word_1_50' title='bbox 188 548 293 600; x_wconf 81' lang='lat' dir='ltr'>pristinam</span> <span class='ocrx_word' id='word_1_51' title='bbox 312 549 384 599; x_wconf 80' lang='lat' dir='ltr'>poetae</span> <span class='ocrx_word' id='word_1_52' title='bbox 404 548 484 587; x_wconf 87' lang='lat' dir='ltr'>restitui</span> <span class='ocrx_word' id='word_1_53' title='bbox 499 548 536 587; x_wconf 91' lang='lat' dir='ltr'>hac</span> <span class='ocrx_word' id='word_1_54' title='bbox 552 547 671 587; x_wconf 89' lang='lat' dir='ltr'>emendandi</span> <span class='ocrx_word' id='word_1_55' title='bbox 685 547 773 586; x_wconf 77' lang='lat' dir='ltr'>rohone:</span> <span class='ocrx_word' id='word_1_56' title='bbox 792 548 824 586; x_wconf 90' lang='lat' dir='ltr'>hic</span> 
     </span>
     <span class='ocr_line' id='line_1_8' title="bbox 82 613 285 666; baseline -0.01 -10"><span class='ocrx_word' id='word_1_57' title='bbox 82 618 128 657; x_wconf 77' lang='lat' dir='ltr'>des</span> <span class='ocrx_word' id='word_1_58' title='bbox 144 618 249 657; x_wconf 88' lang='lat' dir='ltr'>cruentus:</span> <span class='ocrx_word' id='word_1_59' title='bbox 258 613 285 666; x_wconf 75' lang='lat'>8⁵)</span> 
     </span>
     <span class='ocr_line' id='line_1_9' title="bbox 198 684 707 736; baseline 0.002 -13"><span class='ocrx_word' id='word_1_60' title='bbox 198 684 238 724; x_wconf 88' lang='lat' dir='ltr'>Hic</span> <span class='ocrx_word' id='word_1_61' title='bbox 252 685 316 724; x_wconf 85' lang='lat' dir='ltr'>dens</span> <span class='ocrx_word' id='word_1_62' title='bbox 333 686 439 733; x_wconf 88' lang='lat' dir='ltr'>cruentus,</span> <span class='ocrx_word' id='word_1_63' title='bbox 453 685 485 725; x_wconf 92' lang='lat' dir='ltr'>hic</span> <span class='ocrx_word' id='word_1_64' title='bbox 501 687 537 725; x_wconf 85' lang='lat' dir='ltr'>tua</span> <span class='ocrx_word' id='word_1_65' title='bbox 549 685 625 725; x_wconf 80' lang='lat' dir='ltr'>fractus</span> <span class='ocrx_word' id='word_1_66' title='bbox 640 697 707 736; x_wconf 87' lang='lat' dir='ltr'>manu,</span> 
     </span>
     <span class='ocr_line' id='line_1_10' title="bbox 130 753 629 807; baseline 0.004 -15"><span class='ocrx_word' id='word_1_67' title='bbox 130 758 132 760; x_wconf 82' lang='lat'>&#39;</span> <span class='ocrx_word' id='word_1_68' title='bbox 199 753 240 799; x_wconf 73' lang='lat' dir='ltr'>uui</span> <span class='ocrx_word' id='word_1_69' title='bbox 254 756 274 793; x_wconf 88' lang='lat' dir='ltr'>te</span> <span class='ocrx_word' id='word_1_70' title='bbox 290 754 369 806; x_wconf 88' lang='lat' dir='ltr'>sepulto</span> <span class='ocrx_word' id='word_1_71' title='bbox 384 755 461 794; x_wconf 89' lang='lat' dir='ltr'>coelum</span> <span class='ocrx_word' id='word_1_72' title='bbox 473 753 574 807; x_wconf 51' lang='lat' dir='ltr'>possidet,¹</span> <span class='ocrx_word' id='word_1_73' title='bbox 592 754 629 794; x_wconf 88' lang='lat' dir='ltr'>lec.</span> 
     </span>
    </p>

    <p class='ocr_par' dir='ltr' id='par_1_5' title="bbox 81 821 824 1140">
     <span class='ocr_line' id='line_1_11' title="bbox 83 821 823 876; baseline 0.001 -14"><span class='ocrx_word' id='word_1_74' title='bbox 83 823 256 870; x_wconf 74' lang='lat' dir='ltr'>Quemadmodum</span> <span class='ocrx_word' id='word_1_75' title='bbox 272 821 365 862; x_wconf 86' lang='lat' dir='ltr'>Sidonius</span> <span class='ocrx_word' id='word_1_76' title='bbox 375 823 441 876; x_wconf 85' lang='lat' dir='ltr'>Apoll.</span> <span class='ocrx_word' id='word_1_77' title='bbox 458 823 522 864; x_wconf 76' lang='lat' dir='ltr'>Germ.</span> <span class='ocrx_word' id='word_1_78' title='bbox 532 823 594 863; x_wconf 84' lang='lat' dir='ltr'>XlH.</span> <span class='ocrx_word' id='word_1_79' title='bbox 607 826 644 864; x_wconf 82' lang='lat'>18:</span> <span class='ocrx_word' id='word_1_80' title='bbox 664 823 748 874; x_wconf 73' lang='lat' dir='ltr'>„Quem</span> <span class='ocrx_word' id='word_1_81' title='bbox 759 824 823 873; x_wconf 86' lang='lat' dir='ltr'>draco,</span> 
     </span>
     <span class='ocr_line' id='line_1_12' title="bbox 82 891 824 945; baseline -0.001 -12"><span class='ocrx_word' id='word_1_82' title='bbox 82 906 166 943; x_wconf 84' lang='lat' dir='ltr'>cervus,</span> <span class='ocrx_word' id='word_1_83' title='bbox 183 904 232 945; x_wconf 88' lang='lat' dir='ltr'>aper</span> <span class='ocrx_word' id='word_1_84' title='bbox 247 891 329 944; x_wconf 87' lang='lat' dir='ltr'>paribus</span> <span class='ocrx_word' id='word_1_85' title='bbox 345 905 427 931; x_wconf 82' lang='lat' dir='ltr'>sensere</span> <span class='ocrx_word' id='word_1_86' title='bbox 442 893 534 945; x_wconf 54' lang='lat' dir='ltr'>sagittis.</span> <span class='ocrx_word' id='word_1_87' title='bbox 551 891 601 933; x_wconf 76' lang='lat' dir='ltr'>Cum</span> <span class='ocrx_word' id='word_1_88' title='bbox 618 894 690 942; x_wconf 44' lang='lat' dir='ltr'>dens}</span> <span class='ocrx_word' id='word_1_89' title='bbox 706 905 750 932; x_wconf 89' lang='lat' dir='ltr'>cum</span> <span class='ocrx_word' id='word_1_90' title='bbox 761 894 824 941; x_wconf 82' lang='lat' dir='ltr'>virus,</span> 
     </span>
     <span class='ocr_line' id='line_1_13' title="bbox 82 960 824 1014; baseline -0.003 -12"><span class='ocrx_word' id='word_1_91' title='bbox 82 976 127 1002; x_wconf 93' lang='lat' dir='ltr'>cum</span> <span class='ocrx_word' id='word_1_92' title='bbox 144 962 194 1013; x_wconf 74' lang='lat' dir='ltr'>fuga</span> <span class='ocrx_word' id='word_1_93' title='bbox 214 961 242 1001; x_wconf 91' lang='lat' dir='ltr'>nil</span> <span class='ocrx_word' id='word_1_94' title='bbox 261 961 341 1001; x_wconf 84' lang='lat' dir='ltr'>valuit“</span> <span class='ocrx_word' id='word_1_95' title='bbox 357 963 387 1012; x_wconf 79' lang='lat' dir='ltr'>et,</span> <span class='ocrx_word' id='word_1_96' title='bbox 406 974 444 1014; x_wconf 87' lang='lat' dir='ltr'>quo</span> <span class='ocrx_word' id='word_1_97' title='bbox 459 963 502 1002; x_wconf 88' lang='lat' dir='ltr'>loco</span> <span class='ocrx_word' id='word_1_98' title='bbox 515 975 566 1001; x_wconf 89' lang='lat' dir='ltr'>usus</span> <span class='ocrx_word' id='word_1_99' title='bbox 582 965 614 1001; x_wconf 88' lang='lat' dir='ltr'>est</span> <span class='ocrx_word' id='word_1_100' title='bbox 630 960 707 1001; x_wconf 85' lang='lat' dir='ltr'>Sararo</span> <span class='ocrx_word' id='word_1_101' title='bbox 722 962 743 1000; x_wconf 93' lang='lat' dir='ltr'>in</span> <span class='ocrx_word' id='word_1_102' title='bbox 759 961 824 1003; x_wconf 82' lang='lat' dir='ltr'>Oarm.</span> 
     </span>
     <span class='ocr_line' id='line_1_14' title="bbox 82 1030 824 1084; baseline 0 -14"><span class='ocrx_word' id='word_1_103' title='bbox 82 1032 107 1071; x_wconf 87' lang='lat' dir='ltr'>V.</span> <span class='ocrx_word' id='word_1_104' title='bbox 124 1032 170 1071; x_wconf 77' lang='lat'>155.</span> <span class='ocrx_word' id='word_1_105' title='bbox 190 1044 209 1083; x_wconf 89' lang='lat' dir='ltr'>p.</span> <span class='ocrx_word' id='word_1_106' title='bbox 225 1032 263 1070; x_wconf 81' lang='lat'>44:</span> <span class='ocrx_word' id='word_1_107' title='bbox 284 1030 388 1080; x_wconf 78' lang='lat' dir='ltr'>,‚Cerrus,</span> <span class='ocrx_word' id='word_1_108' title='bbox 407 1043 466 1084; x_wconf 79' lang='lat' dir='ltr'>aper,</span> <span class='ocrx_word' id='word_1_109' title='bbox 485 1031 565 1071; x_wconf 89' lang='lat' dir='ltr'>coluber</span> <span class='ocrx_word' id='word_1_110' title='bbox 583 1044 624 1070; x_wconf 89' lang='lat' dir='ltr'>non</span> <span class='ocrx_word' id='word_1_111' title='bbox 643 1043 714 1080; x_wconf 82' lang='lat' dir='ltr'>cursu,</span> <span class='ocrx_word' id='word_1_112' title='bbox 734 1031 824 1080; x_wconf 87' lang='lat' dir='ltr'>deute,</span> 
     </span>
     <span class='ocr_line' id='line_1_15' title="bbox 81 1099 354 1140; baseline -0.011 0"><span class='ocrx_word' id='word_1_113' title='bbox 81 1112 160 1140; x_wconf 82' lang='lat' dir='ltr'>veneno</span> <span class='ocrx_word' id='word_1_114' title='bbox 174 1099 271 1139; x_wconf 84' lang='lat' dir='ltr'>Vitarunt</span> <span class='ocrx_word' id='word_1_115' title='bbox 283 1099 354 1138; x_wconf 83' lang='lat' dir='ltr'>ictus.“</span> 
     </span>
    </p>

    <p class='ocr_par' dir='ltr' id='par_1_6' title="bbox 20 1167 823 1221">
     <span class='ocr_line' id='line_1_16' title="bbox 20 1167 823 1221; baseline 0 -14"><span class='ocrx_word' id='word_1_116' title='bbox 20 1213 22 1215; x_wconf 46' lang='grc'><strong>,</strong></span> <span class='ocrx_word' id='word_1_117' title='bbox 140 1167 183 1207; x_wconf 83' lang='lat' dir='ltr'>Nec</span> <span class='ocrx_word' id='word_1_118' title='bbox 198 1168 264 1207; x_wconf 88' lang='lat' dir='ltr'>minus</span> <span class='ocrx_word' id='word_1_119' title='bbox 280 1180 363 1207; x_wconf 87' lang='lat' dir='ltr'>saevum</span> <span class='ocrx_word' id='word_1_120' title='bbox 378 1168 440 1207; x_wconf 79' lang='lat' dir='ltr'>luisse</span> <span class='ocrx_word' id='word_1_121' title='bbox 456 1168 575 1220; x_wconf 80' lang='lat' dir='ltr'>intelligitur</span> <span class='ocrx_word' id='word_1_122' title='bbox 589 1181 635 1208; x_wconf 86' lang='lat' dir='ltr'>eum</span> <span class='ocrx_word' id='word_1_123' title='bbox 645 1181 726 1221; x_wconf 88' lang='lat' dir='ltr'>aprum,</span> <span class='ocrx_word' id='word_1_124' title='bbox 742 1169 767 1207; x_wconf 88' lang='lat' dir='ltr'>de</span> <span class='ocrx_word' id='word_1_125' title='bbox 784 1182 823 1220; x_wconf 83' lang='lat' dir='ltr'>quo</span> 
     </span>
    </p>

    <p class='ocr_par' dir='ltr' id='par_1_7' title="bbox 81 1235 726 1496">
     <span class='ocr_line' id='line_1_17' title="bbox 81 1235 398 1288; baseline 0.003 -12"><span class='ocrx_word' id='word_1_126' title='bbox 81 1235 222 1276; x_wconf 78' lang='lat' dir='ltr'>AVSONIVS</span> <span class='ocrx_word' id='word_1_127' title='bbox 236 1236 302 1288; x_wconf 84' lang='lat' dir='ltr'>Epist.</span> <span class='ocrx_word' id='word_1_128' title='bbox 312 1236 349 1275; x_wconf 71' lang='lat' dir='ltr'>IV.</span> <span class='ocrx_word' id='word_1_129' title='bbox 361 1238 398 1277; x_wconf 82' lang='lat'>38:</span> 
     </span>
     <span class='ocr_line' id='line_1_18' title="bbox 285 1305 655 1358; baseline 0.003 -15"><span class='ocrx_word' id='word_1_130' title='bbox 285 1305 351 1357; x_wconf 89' lang='lat' dir='ltr'>ipsum</span> <span class='ocrx_word' id='word_1_131' title='bbox 365 1306 436 1357; x_wconf 90' lang='lat' dir='ltr'>priscis</span> <span class='ocrx_word' id='word_1_132' title='bbox 451 1306 545 1346; x_wconf 84' lang='lat' dir='ltr'>heroibus</span> <span class='ocrx_word' id='word_1_133' title='bbox 560 1319 655 1358; x_wconf 69' lang='lat' dir='ltr'>aequans,</span> 
     </span>
     <span class='ocr_line' id='line_1_19' title="bbox 170 1372 647 1427; baseline 0.002 -14"><span class='ocrx_word' id='word_1_134' title='bbox 170 1374 241 1420; x_wconf 77' lang='lat' dir='ltr'>Qualis</span> <span class='ocrx_word' id='word_1_135' title='bbox 255 1375 275 1413; x_wconf 89' lang='lat' dir='ltr'>iu</span> <span class='ocrx_word' id='word_1_136' title='bbox 292 1372 363 1413; x_wconf 85' lang='lat' dir='ltr'>Olenio</span> <span class='ocrx_word' id='word_1_137' title='bbox 378 1375 443 1414; x_wconf 71' lang='lat' dir='ltr'>ru&#39;ctcr</span> <span class='ocrx_word' id='word_1_138' title='bbox 459 1374 582 1427; x_wconf 77' lang='lat' dir='ltr'>Calydonius</span> <span class='ocrx_word' id='word_1_139' title='bbox 598 1387 647 1427; x_wconf 88' lang='lat' dir='ltr'>apro</span> 
     </span>
     <span class='ocr_line' id='line_1_20' title="bbox 116 1442 726 1496; baseline 0 -13"><span class='ocrx_word' id='word_1_140' title='bbox 116 1451 118 1454; x_wconf 58' lang='lat'><em>⁴</em></span> <span class='ocrx_word' id='word_1_141' title='bbox 156 1443 211 1483; x_wconf 74' lang='lat' dir='ltr'>‘Aut</span> <span class='ocrx_word' id='word_1_142' title='bbox 225 1442 402 1495; x_wconf 82' lang='lat' dir='ltr'>Erymantheo</span> <span class='ocrx_word' id='word_1_143' title='bbox 417 1444 481 1496; x_wconf 88' lang='lat' dir='ltr'>pubes</span> <span class='ocrx_word' id='word_1_144' title='bbox 495 1444 533 1483; x_wconf 86' lang='lat' dir='ltr'>fuit</span> <span class='ocrx_word' id='word_1_145' title='bbox 547 1443 616 1484; x_wconf 83' lang='lat' dir='ltr'>Attica</span> <span class='ocrx_word' id='word_1_146' title='bbox 631 1446 726 1484; x_wconf 88' lang='lat' dir='ltr'>monstro.</span> 
     </span>
    </p>

    <p class='ocr_par' dir='ltr' id='par_1_8' title="bbox 38 1512 822 1772">
     <span class='ocr_line' id='line_1_21' title="bbox 82 1512 821 1565; baseline 0.003 -14"><span class='ocrx_word' id='word_1_147' title='bbox 82 1513 123 1560; x_wconf 70' lang='lat' dir='ltr'>Qui</span> <span class='ocrx_word' id='word_1_148' title='bbox 136 1513 186 1551; x_wconf 90' lang='lat' dir='ltr'>mira</span> <span class='ocrx_word' id='word_1_149' title='bbox 201 1524 283 1551; x_wconf 81' lang='lat' dir='ltr'>narrare</span> <span class='ocrx_word' id='word_1_150' title='bbox 297 1513 353 1551; x_wconf 85' lang='lat' dir='ltr'>risus</span> <span class='ocrx_word' id='word_1_151' title='bbox 368 1512 439 1551; x_wconf 89' lang='lat' dir='ltr'>merito</span> <span class='ocrx_word' id='word_1_152' title='bbox 454 1516 486 1552; x_wconf 88' lang='lat' dir='ltr'>est</span> <span class='ocrx_word' id='word_1_153' title='bbox 498 1512 571 1552; x_wconf 70' lang='lat' dir='ltr'>Vinetc</span> <span class='ocrx_word' id='word_1_154' title='bbox 587 1526 605 1565; x_wconf 91' lang='lat' dir='ltr'>p.</span> <span class='ocrx_word' id='word_1_155' title='bbox 617 1516 670 1552; x_wconf 80' lang='lat'>578:</span> <span class='ocrx_word' id='word_1_156' title='bbox 686 1513 773 1564; x_wconf 78' lang='lat' dir='ltr'>„Arium</span> <span class='ocrx_word' id='word_1_157' title='bbox 783 1527 821 1565; x_wconf 90' lang='lat' dir='ltr'>ego</span> 
     </span>
     <span class='ocr_line' id='line_1_22' title="bbox 81 1581 820 1634; baseline 0 -13"><span class='ocrx_word' id='word_1_158' title='bbox 81 1594 152 1634; x_wconf 88' lang='lat' dir='ltr'>aprum</span> <span class='ocrx_word' id='word_1_159' title='bbox 168 1595 195 1630; x_wconf 79' lang='lat' dir='ltr'>ex</span> <span class='ocrx_word' id='word_1_160' title='bbox 209 1581 334 1634; x_wconf 84' lang='lat' dir='ltr'>Erymantho</span> <span class='ocrx_word' id='word_1_161' title='bbox 350 1593 390 1619; x_wconf 89' lang='lat' dir='ltr'>non</span> <span class='ocrx_word' id='word_1_162' title='bbox 404 1581 461 1631; x_wconf 83' lang='lat' dir='ltr'>nori,</span> <span class='ocrx_word' id='word_1_163' title='bbox 476 1594 535 1632; x_wconf 87' lang='lat' dir='ltr'>quam</span> <span class='ocrx_word' id='word_1_164' title='bbox 551 1581 584 1634; x_wconf 86' lang='lat' dir='ltr'>qui</span> <span class='ocrx_word' id='word_1_165' title='bbox 600 1583 625 1621; x_wconf 90' lang='lat' dir='ltr'>ab</span> <span class='ocrx_word' id='word_1_166' title='bbox 639 1581 727 1621; x_wconf 88' lang='lat' dir='ltr'>Hercule</span> <span class='ocrx_word' id='word_1_167' title='bbox 743 1583 820 1621; x_wconf 91' lang='lat' dir='ltr'>occisus</span> 
     </span>
     <span class='ocr_line' id='line_1_23' title="bbox 38 1649 822 1702; baseline 0 -12"><span class='ocrx_word' id='word_1_168' title='bbox 38 1657 40 1659; x_wconf 76' lang='grc'><strong><em>’</em></strong></span> <span class='ocrx_word' id='word_1_169' title='bbox 81 1650 142 1690; x_wconf 87' lang='lat' dir='ltr'>fuisse</span> <span class='ocrx_word' id='word_1_170' title='bbox 164 1651 228 1689; x_wconf 86' lang='lat' dir='ltr'>dictus</span> <span class='ocrx_word' id='word_1_171' title='bbox 250 1651 305 1688; x_wconf 78' lang='lat' dir='ltr'>est.“</span> <span class='ocrx_word' id='word_1_172' title='bbox 341 1649 393 1689; x_wconf 86' lang='lat' dir='ltr'>Nam</span> <span class='ocrx_word' id='word_1_173' title='bbox 410 1650 444 1688; x_wconf 81' lang='lat' dir='ltr'>rel</span> <span class='ocrx_word' id='word_1_174' title='bbox 468 1663 529 1689; x_wconf 81' lang='lat' dir='ltr'>voces</span> <span class='ocrx_word' id='word_1_175' title='bbox 551 1649 668 1702; x_wconf 58' lang='lat' dir='ltr'>pubesssss)</span> <span class='ocrx_word' id='word_1_176' title='bbox 695 1653 716 1690; x_wconf 91' lang='lat' dir='ltr'>et</span> <span class='ocrx_word' id='word_1_177' title='bbox 735 1651 822 1690; x_wconf 80' lang='lat' dir='ltr'>Attica</span> 
     </span>
     <span class='ocr_line' id='line_1_24' title="bbox 80 1718 822 1772; baseline 0.001 -14"><span class='ocrx_word' id='word_1_178' title='bbox 80 1719 207 1758; x_wconf 82' lang='lat' dir='ltr'>manifestum</span> <span class='ocrx_word' id='word_1_179' title='bbox 228 1718 304 1758; x_wconf 86' lang='lat' dir='ltr'>faciunt</span> <span class='ocrx_word' id='word_1_180' title='bbox 324 1718 379 1757; x_wconf 86' lang='lat' dir='ltr'>aliud</span> <span class='ocrx_word' id='word_1_181' title='bbox 397 1719 422 1757; x_wconf 85' lang='lat' dir='ltr'>ab</span> <span class='ocrx_word' id='word_1_182' title='bbox 441 1718 532 1758; x_wconf 73' lang='lat' dir='ltr'>Ausonio</span> <span class='ocrx_word' id='word_1_183' title='bbox 552 1719 603 1768; x_wconf 64' lang='lat' dir='ltr'>dici7&gt;</span> <span class='ocrx_word' id='word_1_184' title='bbox 618 1731 677 1772; x_wconf 86' lang='lat' dir='ltr'>qnam</span> <span class='ocrx_word' id='word_1_185' title='bbox 697 1732 709 1759; x_wconf 89' lang='lat' dir='ltr'>a</span> <span class='ocrx_word' id='word_1_186' title='bbox 729 1719 822 1759; x_wconf 79' lang='lat' dir='ltr'>Martiale</span> 
     </span>
    </p>
   </div>
   <div class='ocr_carea' id='block_1_5' title="bbox 43 1840 829 2796">
    <p class='ocr_par' dir='ltr' id='par_1_9' title="bbox 78 1840 829 2336">
     <span class='ocr_line' id='line_1_25' title="bbox 127 1840 820 1884; baseline 0.001 -11"><span class='ocrx_word' id='word_1_187' title='bbox 127 1841 156 1881; x_wconf 76' lang='lat'>85)</span> <span class='ocrx_word' id='word_1_188' title='bbox 170 1840 195 1875; x_wconf 62' lang='lat' dir='ltr'>Of.</span> <span class='ocrx_word' id='word_1_189' title='bbox 212 1841 306 1874; x_wconf 63' lang='lat' dir='ltr'>sillum</span> <span class='ocrx_word' id='word_1_190' title='bbox 323 1841 414 1873; x_wconf 80' lang='lat' dir='ltr'>dentem.</span> <span class='ocrx_word' id='word_1_191' title='bbox 438 1840 491 1873; x_wconf 75' lang='lat' dir='ltr'>Oion.</span> <span class='ocrx_word' id='word_1_192' title='bbox 510 1841 820 1884; x_wconf 44' lang='lat' dir='ltr'>decernaoPuilarg.12uot.rad.2</span> 
     </span>
     <span class='ocr_line' id='line_1_26' title="bbox 79 1888 821 1940; baseline 0.001 -10"><span class='ocrx_word' id='word_1_193' title='bbox 79 1908 118 1930; x_wconf 74' lang='lat' dir='ltr'>rer</span> <span class='ocrx_word' id='word_1_194' title='bbox 131 1898 238 1940; x_wconf 72' lang='lat' dir='ltr'>(rusticus).</span> <span class='ocrx_word' id='word_1_195' title='bbox 262 1899 316 1930; x_wconf 80' lang='lat' dir='ltr'>Naev.</span> <span class='ocrx_word' id='word_1_196' title='bbox 331 1897 352 1929; x_wconf 74' lang='lat' dir='ltr'>fr.</span> <span class='ocrx_word' id='word_1_197' title='bbox 368 1898 411 1929; x_wconf 87' lang='lat' dir='ltr'>Bell.</span> <span class='ocrx_word' id='word_1_198' title='bbox 428 1898 471 1929; x_wconf 88' lang='lat' dir='ltr'>Pun.</span> <span class='ocrx_word' id='word_1_199' title='bbox 485 1897 517 1929; x_wconf 84' lang='lat' dir='ltr'>Ill.</span> <span class='ocrx_word' id='word_1_200' title='bbox 527 1902 542 1931; x_wconf 84' lang='lat'>8.</span> <span class='ocrx_word' id='word_1_201' title='bbox 557 1909 583 1939; x_wconf 85' lang='lat' dir='ltr'>ap.</span> <span class='ocrx_word' id='word_1_202' title='bbox 596 1888 644 1931; x_wconf 79' lang='lat' dir='ltr'>Pfau.</span> <span class='ocrx_word' id='word_1_203' title='bbox 657 1898 677 1930; x_wconf 86' lang='lat' dir='ltr'>de</span> <span class='ocrx_word' id='word_1_204' title='bbox 690 1900 741 1931; x_wconf 87' lang='lat' dir='ltr'>Num.</span> <span class='ocrx_word' id='word_1_205' title='bbox 754 1898 821 1931; x_wconf 84' lang='lat' dir='ltr'>Saturn.</span> 
     </span>
     <span class='ocr_line' id='line_1_27' title="bbox 80 1954 821 1998; baseline 0.001 -11"><span class='ocrx_word' id='word_1_206' title='bbox 80 1954 160 1998; x_wconf 59' lang='lat' dir='ltr'>Sperall.</span> <span class='ocrx_word' id='word_1_207' title='bbox 173 1966 190 1996; x_wconf 90' lang='lat' dir='ltr'>p.</span> <span class='ocrx_word' id='word_1_208' title='bbox 201 1959 231 1987; x_wconf 81' lang='lat'>28:</span> <span class='ocrx_word' id='word_1_209' title='bbox 248 1955 277 1997; x_wconf 88' lang='lat' dir='ltr'>qui</span> <span class='ocrx_word' id='word_1_210' title='bbox 294 1965 359 1986; x_wconf 82' lang='lat' dir='ltr'>sursum</span> <span class='ocrx_word' id='word_1_211' title='bbox 376 1955 397 1986; x_wconf 91' lang='lat' dir='ltr'>ad</span> <span class='ocrx_word' id='word_1_212' title='bbox 415 1954 479 1987; x_wconf 85' lang='lat' dir='ltr'>coelum</span> <span class='ocrx_word' id='word_1_213' title='bbox 491 1955 559 1987; x_wconf 83' lang='lat' dir='ltr'>sustulit</span> <span class='ocrx_word' id='word_1_214' title='bbox 572 1965 610 1987; x_wconf 84' lang='lat' dir='ltr'>suas</span> <span class='ocrx_word' id='word_1_215' title='bbox 622 1966 665 1988; x_wconf 85' lang='lat' dir='ltr'>res.</span> <span class='ocrx_word' id='word_1_216' title='bbox 691 1956 753 1997; x_wconf 63' lang='lat' dir='ltr'>Steph.¹</span> <span class='ocrx_word' id='word_1_217' title='bbox 762 1957 821 1988; x_wconf 87' lang='lat' dir='ltr'>Herm.</span> 
     </span>
     <span class='ocr_line' id='line_1_28' title="bbox 79 2000 820 2055; baseline 0.001 -11"><span class='ocrx_word' id='word_1_218' title='bbox 79 2022 121 2044; x_wconf 81' lang='lat' dir='ltr'>rex.</span> <span class='ocrx_word' id='word_1_219' title='bbox 143 2012 195 2053; x_wconf 80' lang='lat' dir='ltr'>Prcp.</span> <span class='ocrx_word' id='word_1_220' title='bbox 203 2000 264 2051; x_wconf 63' lang='lat'>1111,</span> <span class='ocrx_word' id='word_1_221' title='bbox 276 2014 295 2044; x_wconf 78' lang='lat'>51</span> <span class='ocrx_word' id='word_1_222' title='bbox 311 2014 410 2053; x_wconf 84' lang='lat' dir='ltr'>csaequant</span> <span class='ocrx_word' id='word_1_223' title='bbox 424 2012 552 2055; x_wconf 64' lang='lat' dir='ltr'>(exaequant),</span> <span class='ocrx_word' id='word_1_224' title='bbox 565 2012 614 2044; x_wconf 89' lang='lat' dir='ltr'>utin</span> <span class='ocrx_word' id='word_1_225' title='bbox 626 2008 768 2045; x_wconf 81' lang='lat' dir='ltr'>Emendationunr</span> <span class='ocrx_word' id='word_1_226' title='bbox 776 2013 820 2045; x_wconf 87' lang='lat' dir='ltr'>libro</span> 
     </span>
     <span class='ocr_line' id='line_1_29' title="bbox 80 2067 820 2111; baseline 0 -10"><span class='ocrx_word' id='word_1_227' title='bbox 80 2068 197 2101; x_wconf 84' lang='lat' dir='ltr'>obtinebimus.</span> <span class='ocrx_word' id='word_1_228' title='bbox 226 2067 275 2109; x_wconf 74' lang='lat' dir='ltr'>ralg.</span> <span class='ocrx_word' id='word_1_229' title='bbox 291 2071 356 2108; x_wconf 69' lang='lat' dir='ltr'>pu32.</span> <span class='ocrx_word' id='word_1_230' title='bbox 385 2067 467 2099; x_wconf 84' lang='lat' dir='ltr'>Similiter</span> <span class='ocrx_word' id='word_1_231' title='bbox 483 2070 538 2100; x_wconf 85' lang='lat' dir='ltr'>autem</span> <span class='ocrx_word' id='word_1_232' title='bbox 556 2072 605 2111; x_wconf 88' lang='lat' dir='ltr'>atque</span> <span class='ocrx_word' id='word_1_233' title='bbox 624 2069 687 2101; x_wconf 87' lang='lat' dir='ltr'>Seneca</span> <span class='ocrx_word' id='word_1_234' title='bbox 707 2072 724 2100; x_wconf 89' lang='lat' dir='ltr'>et</span> <span class='ocrx_word' id='word_1_235' title='bbox 740 2069 820 2102; x_wconf 83' lang='lat' dir='ltr'>Sidonius</span> 
     </span>
     <span class='ocr_line' id='line_1_30' title="bbox 80 2123 829 2167; baseline 0.001 -9"><span class='ocrx_word' id='word_1_236' title='bbox 80 2125 150 2158; x_wconf 83' lang='lat' dir='ltr'>Ovidius</span> <span class='ocrx_word' id='word_1_237' title='bbox 162 2125 203 2157; x_wconf 88' lang='lat' dir='ltr'>Her.</span> <span class='ocrx_word' id='word_1_238' title='bbox 216 2124 246 2157; x_wconf 79' lang='lat' dir='ltr'>IV.</span> <span class='ocrx_word' id='word_1_239' title='bbox 260 2127 301 2156; x_wconf 73' lang='lat'>104:</span> <span class='ocrx_word' id='word_1_240' title='bbox 318 2123 404 2166; x_wconf 76' lang='lat' dir='ltr'>„obliquo</span> <span class='ocrx_word' id='word_1_241' title='bbox 421 2125 487 2157; x_wconf 88' lang='lat' dir='ltr'>dente</span> <span class='ocrx_word' id='word_1_242' title='bbox 503 2125 587 2158; x_wconf 88' lang='lat' dir='ltr'>timendus</span> <span class='ocrx_word' id='word_1_243' title='bbox 605 2126 668 2167; x_wconf 75' lang='lat' dir='ltr'>aper.“</span> <span class='ocrx_word' id='word_1_244' title='bbox 692 2126 775 2158; x_wconf 81' lang='lat' dir='ltr'>Martialis</span> <span class='ocrx_word' id='word_1_245' title='bbox 788 2127 829 2160; x_wconf 85' lang='lat' dir='ltr'>XI..</span> 
     </span>
     <span class='ocr_line' id='line_1_31' title="bbox 79 2181 819 2228; baseline 0.003 -14"><span class='ocrx_word' id='word_1_246' title='bbox 79 2187 107 2222; x_wconf 79' lang='lat'>69,</span> <span class='ocrx_word' id='word_1_247' title='bbox 117 2186 136 2214; x_wconf 78' lang='lat'>6:</span> <span class='ocrx_word' id='word_1_248' title='bbox 148 2181 254 2228; x_wconf 67' lang='lat' dir='ltr'>„Fulmineo</span> <span class='ocrx_word' id='word_1_249' title='bbox 263 2182 357 2223; x_wconf 87' lang='lat' dir='ltr'>spumantis</span> <span class='ocrx_word' id='word_1_250' title='bbox 370 2182 408 2224; x_wconf 83' lang='lat' dir='ltr'>apri</span> <span class='ocrx_word' id='word_1_251' title='bbox 419 2192 456 2213; x_wconf 85' lang='lat' dir='ltr'>sum</span> <span class='ocrx_word' id='word_1_252' title='bbox 468 2183 530 2214; x_wconf 87' lang='lat' dir='ltr'>dente</span> <span class='ocrx_word' id='word_1_253' title='bbox 543 2183 648 2226; x_wconf 81' lang='lat' dir='ltr'>perempta.“</span> <span class='ocrx_word' id='word_1_254' title='bbox 660 2183 712 2215; x_wconf 79' lang='lat' dir='ltr'>Rutu.</span> <span class='ocrx_word' id='word_1_255' title='bbox 722 2183 743 2215; x_wconf 85' lang='lat' dir='ltr'>It.</span> <span class='ocrx_word' id='word_1_256' title='bbox 752 2182 766 2216; x_wconf 88' lang='lat' dir='ltr'>I.</span> <span class='ocrx_word' id='word_1_257' title='bbox 777 2188 819 2217; x_wconf 77' lang='lat'>626:</span> 
     </span>
     <span class='ocr_line' id='line_1_32' title="bbox 78 2238 819 2281; baseline 0.001 -10"><span class='ocrx_word' id='word_1_258' title='bbox 78 2239 214 2281; x_wconf 78' lang='lat' dir='ltr'>„Terribilisque</span> <span class='ocrx_word' id='word_1_259' title='bbox 230 2239 276 2271; x_wconf 86' lang='lat' dir='ltr'>cadit</span> <span class='ocrx_word' id='word_1_260' title='bbox 289 2238 358 2271; x_wconf 81' lang='lat' dir='ltr'>fulmine</span> <span class='ocrx_word' id='word_1_261' title='bbox 376 2238 449 2270; x_wconf 86' lang='lat' dir='ltr'>dentis</span> <span class='ocrx_word' id='word_1_262' title='bbox 462 2240 520 2281; x_wconf 79' lang='lat' dir='ltr'>aper.“</span> <span class='ocrx_word' id='word_1_263' title='bbox 543 2240 598 2272; x_wconf 76' lang='lat' dir='ltr'>Aliter</span> <span class='ocrx_word' id='word_1_264' title='bbox 612 2240 713 2272; x_wconf 79' lang='lat' dir='ltr'>Claudianus</span> <span class='ocrx_word' id='word_1_265' title='bbox 730 2243 746 2272; x_wconf 86' lang='lat' dir='ltr'>et</span> <span class='ocrx_word' id='word_1_266' title='bbox 758 2242 819 2273; x_wconf 84' lang='lat' dir='ltr'>Neme-</span> 
     </span>
     <span class='ocr_line' id='line_1_33' title="bbox 79 2295 519 2336; baseline -0.005 -8"><span class='ocrx_word' id='word_1_267' title='bbox 79 2297 135 2328; x_wconf 84' lang='lat' dir='ltr'>sianus</span> <span class='ocrx_word' id='word_1_268' title='bbox 147 2296 165 2328; x_wconf 90' lang='lat' dir='ltr'>ll.</span> <span class='ocrx_word' id='word_1_269' title='bbox 176 2295 211 2328; x_wconf 80' lang='lat' dir='ltr'>dd:</span> <span class='ocrx_word' id='word_1_270' title='bbox 223 2296 285 2328; x_wconf 86' lang='lat' dir='ltr'>lunatis</span> <span class='ocrx_word' id='word_1_271' title='bbox 298 2295 406 2334; x_wconf 81' lang='lat' dir='ltr'>dentibus.</span> <span class='ocrx_word' id='word_1_272' title='bbox 517 2334 519 2336; x_wconf 66' lang='lat'>‚</span> 
     </span>
    </p>

    <p class='ocr_par' dir='ltr' id='par_1_10' title="bbox 43 2351 828 2796">
     <span class='ocr_line' id='line_1_34' title="bbox 126 2351 820 2395; baseline 0.004 -10"><span class='ocrx_word' id='word_1_273' title='bbox 126 2353 154 2394; x_wconf 79' lang='lat'>86)</span> <span class='ocrx_word' id='word_1_274' title='bbox 168 2353 215 2389; x_wconf 78' lang='lat' dir='ltr'>Quae</span> <span class='ocrx_word' id='word_1_275' title='bbox 231 2364 264 2385; x_wconf 81' lang='lat' dir='ltr'>vox</span> <span class='ocrx_word' id='word_1_276' title='bbox 284 2353 356 2385; x_wconf 86' lang='lat' dir='ltr'>multum</span> <span class='ocrx_word' id='word_1_277' title='bbox 367 2351 423 2385; x_wconf 80' lang='lat' dir='ltr'>differt</span> <span class='ocrx_word' id='word_1_278' title='bbox 435 2352 455 2384; x_wconf 88' lang='lat' dir='ltr'>ab</span> <span class='ocrx_word' id='word_1_279' title='bbox 467 2363 495 2392; x_wconf 77' lang='lat' dir='ltr'>ea7</span> <span class='ocrx_word' id='word_1_280' title='bbox 512 2362 545 2394; x_wconf 84' lang='lat' dir='ltr'>qua</span> <span class='ocrx_word' id='word_1_281' title='bbox 558 2353 616 2385; x_wconf 85' lang='lat' dir='ltr'>etalii</span> <span class='ocrx_word' id='word_1_282' title='bbox 628 2353 699 2395; x_wconf 85' lang='lat' dir='ltr'>plurimi</span> <span class='ocrx_word' id='word_1_283' title='bbox 710 2354 737 2386; x_wconf 90' lang='lat' dir='ltr'>usi</span> <span class='ocrx_word' id='word_1_284' title='bbox 751 2358 790 2388; x_wconf 86' lang='lat' dir='ltr'>sunt</span> <span class='ocrx_word' id='word_1_285' title='bbox 803 2358 820 2388; x_wconf 81' lang='lat' dir='ltr'>et</span> 
     </span>
     <span class='ocr_line' id='line_1_35' title="bbox 78 2406 820 2452; baseline 0.005 -11"><span class='ocrx_word' id='word_1_286' title='bbox 78 2410 156 2445; x_wconf 75' lang='lat' dir='ltr'>Valerius</span> <span class='ocrx_word' id='word_1_287' title='bbox 167 2409 238 2442; x_wconf 79' lang='lat' dir='ltr'>Flaccus</span> <span class='ocrx_word' id='word_1_288' title='bbox 253 2409 285 2441; x_wconf 82' lang='grc' dir='ltr'>ΠΙ.</span> <span class='ocrx_word' id='word_1_289' title='bbox 299 2413 341 2442; x_wconf 82' lang='grc'>705;</span> <span class='ocrx_word' id='word_1_290' title='bbox 357 2410 422 2450; x_wconf 81' lang='lat' dir='ltr'>„Nunc</span> <span class='ocrx_word' id='word_1_291' title='bbox 437 2409 570 2452; x_wconf 79' lang='lat' dir='ltr'>Parthaonides,</span> <span class='ocrx_word' id='word_1_292' title='bbox 587 2406 631 2442; x_wconf 85' lang='lat' dir='ltr'>nuuc</span> <span class='ocrx_word' id='word_1_293' title='bbox 647 2411 680 2448; x_wconf 79' lang='lat' dir='ltr'>dur</span> <span class='ocrx_word' id='word_1_294' title='bbox 691 2412 734 2443; x_wconf 90' lang='lat' dir='ltr'>mihi</span> <span class='ocrx_word' id='word_1_295' title='bbox 747 2412 820 2445; x_wconf 78' lang='lat' dir='ltr'>Thracia</span> 
     </span>
     <span class='ocr_line' id='line_1_36' title="bbox 78 2465 819 2511; baseline 0.007 -14"><span class='ocrx_word' id='word_1_296' title='bbox 78 2466 172 2509; x_wconf 83' lang='lat' dir='ltr'>prcles“</span> <span class='ocrx_word' id='word_1_297' title='bbox 184 2476 203 2497; x_wconf 87' lang='lat' dir='ltr'>ac</span> <span class='ocrx_word' id='word_1_298' title='bbox 216 2466 280 2498; x_wconf 84' lang='lat' dir='ltr'>Statius</span> <span class='ocrx_word' id='word_1_299' title='bbox 292 2466 343 2498; x_wconf 87' lang='lat' dir='ltr'>Theb.</span> <span class='ocrx_word' id='word_1_300' title='bbox 352 2465 373 2497; x_wconf 84' lang='lat' dir='ltr'>V.</span> <span class='ocrx_word' id='word_1_301' title='bbox 382 2470 424 2498; x_wconf 72' lang='lat'>436:</span> <span class='ocrx_word' id='word_1_302' title='bbox 442 2467 505 2508; x_wconf 79' lang='lat' dir='ltr'>„Tunc</span> <span class='ocrx_word' id='word_1_303' title='bbox 518 2467 604 2508; x_wconf 88' lang='lat' dir='ltr'>prolem</span> <span class='ocrx_word' id='word_1_304' title='bbox 613 2468 698 2510; x_wconf 87' lang='lat' dir='ltr'>Calydone</span> <span class='ocrx_word' id='word_1_305' title='bbox 707 2471 760 2501; x_wconf 84' lang='lat' dir='ltr'>satam</span> <span class='ocrx_word' id='word_1_306' title='bbox 770 2481 819 2511; x_wconf 83' lang='lat' dir='ltr'>gene-</span> 
     </span>
     <span class='ocr_line' id='line_1_37' title="bbox 77 2522 820 2567; baseline 0.005 -11"><span class='ocrx_word' id='word_1_307' title='bbox 77 2533 146 2565; x_wconf 86' lang='lat' dir='ltr'>rumque</span> <span class='ocrx_word' id='word_1_308' title='bbox 159 2522 239 2564; x_wconf 82' lang='lat' dir='ltr'>profundi</span> <span class='ocrx_word' id='word_1_309' title='bbox 251 2523 336 2563; x_wconf 80' lang='lat' dir='ltr'>Nereos“,</span> <span class='ocrx_word' id='word_1_310' title='bbox 353 2533 395 2565; x_wconf 85' lang='lat' dir='ltr'>quae</span> <span class='ocrx_word' id='word_1_311' title='bbox 406 2523 445 2564; x_wconf 86' lang='lat' dir='ltr'>ipsa</span> <span class='ocrx_word' id='word_1_312' title='bbox 458 2524 478 2556; x_wconf 87' lang='lat' dir='ltr'>ab</span> <span class='ocrx_word' id='word_1_313' title='bbox 490 2524 565 2564; x_wconf 82' lang='lat' dir='ltr'>Virgilio</span> <span class='ocrx_word' id='word_1_314' title='bbox 577 2524 618 2556; x_wconf 79' lang='lat' dir='ltr'>Aen.</span> <span class='ocrx_word' id='word_1_315' title='bbox 627 2524 649 2556; x_wconf 91' lang='lat' dir='ltr'>X.</span> <span class='ocrx_word' id='word_1_316' title='bbox 658 2528 702 2557; x_wconf 74' lang='lat'>429:</span> <span class='ocrx_word' id='word_1_317' title='bbox 719 2526 820 2567; x_wconf 83' lang='lat' dir='ltr'>„Sternitur</span> 
     </span>
     <span class='ocr_line' id='line_1_38' title="bbox 46 2577 819 2625; baseline 0.001 -10"><span class='ocrx_word' id='word_1_318' title='bbox 46 2609 49 2615; x_wconf 87' lang='lat'>.</span> <span class='ocrx_word' id='word_1_319' title='bbox 77 2579 187 2613; x_wconf 87' lang='lat' dir='ltr'>Arcadiae</span> <span class='ocrx_word' id='word_1_320' title='bbox 199 2577 284 2621; x_wconf 69' lang='lat' dir='ltr'>proles,</span> <span class='ocrx_word' id='word_1_321' title='bbox 303 2582 400 2612; x_wconf 86' lang='lat' dir='ltr'>sternuntur</span> <span class='ocrx_word' id='word_1_322' title='bbox 415 2581 500 2613; x_wconf 81' lang='lat' dir='ltr'>Etrusci“</span> <span class='ocrx_word' id='word_1_323' title='bbox 513 2581 532 2612; x_wconf 90' lang='lat' dir='ltr'>in</span> <span class='ocrx_word' id='word_1_324' title='bbox 548 2580 605 2612; x_wconf 84' lang='lat' dir='ltr'>eudem</span> <span class='ocrx_word' id='word_1_325' title='bbox 622 2583 704 2614; x_wconf 86' lang='lat' dir='ltr'>sententia</span> <span class='ocrx_word' id='word_1_326' title='bbox 720 2584 777 2625; x_wconf 81' lang='lat' dir='ltr'>posita</span> <span class='ocrx_word' id='word_1_327' title='bbox 793 2588 819 2616; x_wconf 82' lang='lat' dir='ltr'>est</span> 
     </span>
     <span class='ocr_line' id='line_1_39' title="bbox 78 2630 828 2680; baseline 0.004 -10"><span class='ocrx_word' id='word_1_328' title='bbox 78 2640 127 2680; x_wconf 88' lang='lat' dir='ltr'>atque</span> <span class='ocrx_word' id='word_1_329' title='bbox 145 2635 246 2678; x_wconf 88' lang='lat' dir='ltr'>pubesIl.</span> <span class='ocrx_word' id='word_1_330' title='bbox 260 2640 303 2669; x_wconf 72' lang='lat'>477:</span> <span class='ocrx_word' id='word_1_331' title='bbox 323 2637 393 2678; x_wconf 79' lang='lat' dir='ltr'>„omnis</span> <span class='ocrx_word' id='word_1_332' title='bbox 409 2637 468 2680; x_wconf 80' lang='lat' dir='ltr'>Scyria</span> <span class='ocrx_word' id='word_1_333' title='bbox 488 2637 578 2680; x_wconf 86' lang='lat' dir='ltr'>pubes.“</span> <span class='ocrx_word' id='word_1_334' title='bbox 606 2638 626 2670; x_wconf 74' lang='lat' dir='ltr'>V.</span> <span class='ocrx_word' id='word_1_335' title='bbox 640 2642 672 2670; x_wconf 81' lang='lat'>119</span> <span class='ocrx_word' id='word_1_336' title='bbox 690 2643 707 2672; x_wconf 87' lang='lat' dir='ltr'>et</span> <span class='ocrx_word' id='word_1_337' title='bbox 722 2640 762 2673; x_wconf 70' lang='lat' dir='ltr'>VH.</span> <span class='ocrx_word' id='word_1_338' title='bbox 775 2630 828 2673; x_wconf 46' lang='lat'>219!</span> 
     </span>
     <span class='ocr_line' id='line_1_40' title="bbox 43 2692 818 2736; baseline 0.006 -10"><span class='ocrx_word' id='word_1_339' title='bbox 43 2701 45 2703; x_wconf 79' lang='grc'><strong>’</strong></span> <span class='ocrx_word' id='word_1_340' title='bbox 77 2694 148 2736; x_wconf 89' lang='lat' dir='ltr'>pubes</span> <span class='ocrx_word' id='word_1_341' title='bbox 162 2692 246 2725; x_wconf 85' lang='lat' dir='ltr'>Dardana.</span> <span class='ocrx_word' id='word_1_342' title='bbox 270 2696 313 2724; x_wconf 77' lang='lat'>450:</span> <span class='ocrx_word' id='word_1_343' title='bbox 329 2692 418 2725; x_wconf 85' lang='lat' dir='ltr'>Trinacria</span> <span class='ocrx_word' id='word_1_344' title='bbox 433 2695 491 2736; x_wconf 86' lang='lat' dir='ltr'>pubes.</span> <span class='ocrx_word' id='word_1_345' title='bbox 520 2698 552 2726; x_wconf 79' lang='lat'>599</span> <span class='ocrx_word' id='word_1_346' title='bbox 566 2696 582 2725; x_wconf 89' lang='lat' dir='ltr'>et</span> <span class='ocrx_word' id='word_1_347' title='bbox 595 2694 634 2726; x_wconf 60' lang='lat' dir='ltr'>VH.</span> <span class='ocrx_word' id='word_1_348' title='bbox 648 2699 687 2728; x_wconf 74' lang='lat'>521.</span> <span class='ocrx_word' id='word_1_349' title='bbox 710 2696 818 2731; x_wconf 66' lang='lat' dir='ltr'>morarer:</span> 
     </span>
     <span class='ocr_line' id='line_1_41' title="bbox 77 2742 693 2796; baseline 0.003 -14"><span class='ocrx_word' id='word_1_350' title='bbox 77 2751 173 2792; x_wconf 79' lang='lat' dir='ltr'>Argivaque</span> <span class='ocrx_word' id='word_1_351' title='bbox 185 2749 225 2792; x_wconf 89' lang='lat' dir='ltr'>pub</span> <span class='ocrx_word' id='word_1_352' title='bbox 231 2760 253 2782; x_wconf 87' lang='lat' dir='ltr'>es</span> <span class='ocrx_word' id='word_1_353' title='bbox 266 2748 317 2792; x_wconf 83' lang='lat' dir='ltr'>(Stat.</span> <span class='ocrx_word' id='word_1_354' title='bbox 330 2749 381 2782; x_wconf 82' lang='lat' dir='ltr'>Theb.</span> <span class='ocrx_word' id='word_1_355' title='bbox 389 2750 420 2784; x_wconf 87' lang='lat' dir='ltr'>XI.</span> <span class='ocrx_word' id='word_1_356' title='bbox 430 2754 462 2787; x_wconf 65' lang='lat'>46:</span> <span class='ocrx_word' id='word_1_357' title='bbox 479 2777 490 2794; x_wconf 71' lang='lat' dir='ltr'>a</span> <span class='ocrx_word' id='word_1_358' title='bbox 494 2762 505 2792; x_wconf 89' lang='lat' dir='ltr'>p</span> <span class='ocrx_word' id='word_1_359' title='bbox 511 2750 537 2783; x_wconf 88' lang='lat' dir='ltr'>ub</span> <span class='ocrx_word' id='word_1_360' title='bbox 544 2742 564 2783; x_wconf 79' lang='lat' dir='ltr'>es</span> <span class='ocrx_word' id='word_1_361' title='bbox 577 2751 693 2796; x_wconf 79' lang='lat' dir='ltr'>Tirynthia“).</span> 
     </span>
    </p>
   </div>
   <div class='ocr_carea' id='block_1_6' title="bbox 0 0 894 2936">
    <p class='ocr_par' dir='ltr' id='par_1_11' title="bbox 0 0 894 2936">
     <span class='ocr_line' id='line_1_42' title="bbox 0 0 894 2936; baseline 0 1"><span class='ocrx_word' id='word_1_362' title='bbox 0 0 894 2936; x_wconf 95' lang='lat' dir='ltr'> </span> 
     </span>
    </p>
   </div>
  </div>
 </body>
</html>
