1780 2885
80 50 121 88 208
398 58 454 101 Caput
464 49 497 94 IX.

107 162 137 202 Ob
152 163 173 202 id
187 162 208 202 in
221 162 310 202 mulieris
325 163 411 215 figuram
421 177 503 217 versus,
511 166 542 220 ut
552 163 636 206 Ovidius
647 166 714 206 refert.
739 165 817 206 Deinde

107 232 194 272 monitus
209 233 297 272 sortibus
312 233 333 272 in
348 234 433 273 eundem
447 233 513 273 locum
523 233 535 259 l*
545 235 605 279 rediit
618 234 639 273 in
654 234 741 286 figuram
751 234 817 287 pristi-

106 313 157 340 nam.
187 300 218 340 Ec
235 304 336 358 tempore,
357 304 380 341 ut
399 302 496 353 dirimus,
519 303 571 343 inter
589 303 659 343 Iovem
681 305 701 342 et
719 303 818 343 lunonem
855 322 857 325 ·

106 370 143 408 fuit
157 362 251 420 certatio,
266 371 287 409 in
300 384 339 422 qno
352 383 403 410 sexu
419 374 474 411 esset
483 372 546 411 maior
558 372 628 421 libido,
645 372 736 411 Tirhesia
746 372 817 421 iudice,

107 439 140 491 qni
159 440 256 491 expertus
275 439 341 479 fuerat
358 434 465 493 utrumque
486 454 566 480 sexum:
584 454 630 480 curn
644 441 689 481 lom'
702 441 818 489 iudicasset,

105 507 141 547 illa
156 508 208 547 irata
229 520 299 548 manus
319 508 362 547 eius
377 509 475 560 praecidit
489 512 510 549 et
524 510 644 550 excaecarit.
673 509 751 562 Iupiter
765 509 818 557 feeit,

105 578 129 616 ut
143 578 221 629 septem
236 577 313 616 aetates
327 577 407 616 vireret
422 580 521 630 vatesque
537 580 617 630 praeter
633 580 711 618 ceteros
721 577 817 618 mortales

106 644 247 684 veracissimus
261 645 374 684 haberetur.

78 712 136 758 Quae
151 712 232 764 singula
247 713 375 765 exploremus
391 709 437 752 fere
449 725 483 763 eo,
499 726 537 765 quo
555 715 698 767 diximus'cap.
709 715 736 754 Π.
753 728 771 767 p.
783 717 817 764 37,

76 781 140 820 modo.
169 781 270 820 Pericli
291 781 317 821 ln.
347 781 429 820 Eteri
447 780 515 821 Barth.
529 781 609 824 hlunck
625 782 680 836 Hyg.
692 786 724 823 75.
738 797 758 835 p.
770 784 817 822 148.

75 852 116 889 not.
127 852 150 900 2,
165 854 189 889 ut
203 849 259 889 Lact.
273 849 331 889 Narr.
348 848 475 889 11111115.
490 864 508 903 p.
520 852 563 890 200
577 850 645 891 Burm.
674 850 772 890 Eueris
793 853 817 890 et

76 916 219 957 Charicles
238 917 314 957 hieurs.
333 917 354 956 in
372 917 476 969 Phlegont.
497 919 522 957 de
542 918 625 958 hlirabh.
636 921 655 959 4.
674 933 693 971 p.
705 922 743 968 58,
759 932 817 971 quern

76 986 144 1025 debita
155 986 244 1025 restituti
259 985 344 1025 nominis
359 985 442 1025 Eueri
457 986 517 1026 laude
532 987 636 1027 aBarthio
647 988 761 1027 fraudatum
771 1000 817 1026 esse

76 1054 144 1106 arguit
164 1054 296 1107 Spanhenrius
316 1053 392 1094 Gallim.
414 1054 507 1094 Parim.
522 1068 540 1107 p.
553 1057 600 1095 604.
630 1056 728 1096 Neutram
744 1068 817 1106 sequor

77 1124 202 1163 sententiam.
231 1123 284 1162 Nam
302 1123 323 1162 in
337 1122 374 1161 AB
392 1126 424 1162 est
437 1123 542 1162 Perieri
554 1137 592 1163 nec
607 1123 673 1163 differt
689 1124 718 1174 L,
737 1137 763 1163 ex
778 1137 817 1176 quo

76 1191 129 1242 qued
144 1193 248 1231 enotatum
262 1203 274 1230 a
284 1191 433 1242 Lindenbrcgic
444 1194 485 1231 est:
503 1191 599 1241 Peneri,
613 1192 633 1231 id
643 1193 718 1232 fatetur
729 1205 817 1231 errorem

75 1259 201 1299 librariorum
213 1260 293 1299 litteras
307 1260 330 1299 ri
345 1261 366 1298 et
380 1272 394 1298 n
409 1262 525 1312 permutare
536 1260 663 1312 saepissime,
678 1262 731 1300 utin
742 1259 817 1300 Oinnae

75 1328 222 1368 commentariis
237 1327 253 1367 I.
265 1332 283 1370 1,
292 1328 380 1376 dicetur,
394 1327 508 1376 solitorum
529 1328 614 1380 denique
629 1341 701 1381 parum
717 1329 818 1381 discrepat

77 1397 141 1436 codex
154 1396 265 1437 Vaticanus
279 1395 425 1449 hiythographi
444 1395 471 1436 Π.
489 1398 522 1435 84.
538 1410 557 1449 p.
569 1398 621 1453 104,
635 1400 647 1436 2
664 1396 726 1448 (tht.
740 1411 758 1450 p.
771 1399 817 1444 91)ss

76 1465 216 1514 Perierae,
232 1465 253 1504 in
269 1465 326 1504 cuins
341 1465 408 1503 lacurn
423 1464 500 1504 Bodius
515 1477 587 1517 parum
599 1465 725 1505 considerate
740 1464 818 1505 suffecit

76 1532 177 1573 Eueris.
214 1532 279 1582 Quid,
306 1533 359 1586 quod
381 1533 448 1586 ipsum
466 1533 516 1572 illud
534 1532 646 1583 Eurinri,
669 1534 722 1585 quod
739 1533 817 1586 Hygini
842 1562 843 1565 η

76 1603 127 1641 liber
146 1602 207 1641 hahet
227 1614 268 1654 cap.
285 1603 312 1640 68
332 1603 353 1640 et
374 1603 412 1650 75,
431 1602 496 1641 uideri
511 1603 579 1653 potest
594 1605 640 1641 ante
656 1602 719 1641 fuisse
735 1602 817 1642 Erimi

76 1669 203 1720 (vidElectt.
214 1682 225 1708 e
235 1670 291 1709 Lact.
302 1669 322 1708 iu
333 1669 394 1708 Theb.
405 1667 479 1709 (lemur.
490 1683 508 1722 p.
516 1669 560 1720 20),
575 1669 679 1709 Erieri?
694 1669 816 1709 Perieres

25 1728 28 1731 ⁴
77 1740 155 1788 autem,
170 1738 223 1790 qued
237 1750 309 1778 nemen
324 1737 362 1777 fuit
378 1738 427 1777 satis
438 1737 538 1790 frequens,
553 1738 654 1778 aucurine
663 1738 762 1778 Eueres
776 1751 816 1778 nen

76 1807 157 1858 longius
174 1808 240 1856 abest,
255 1818 315 1858 quam
325 1807 350 1845 ab
365 1804 471 1845 Eriuelus
486 1806 620 1858 Polyzelus,
636 1807 660 1845 ab
672 1806 816 1859 Euphrosyne

76 1875 272 1927 Homophrosyne,
297 1886 309 1913 a
332 1874 420 1927 Deicpe
441 1873 545 1925 Antiope
564 1872 638 1913 Osann.
660 1873 747 1926 Symbol.
762 1874 779 1913 l.
797 1888 816 1926 p.

77 1945 119 1982 283
126 1956 160 1994 sq,
173 1956 186 1983 a
195 1943 318 1982 Perimede
327 1942 448 1993 Agamede
455 1940 520 1981 Schol.
527 1941 610 1982 Theocr.
617 1942 644 1982 ΙΙ,
654 1945 686 1981 16,
696 1955 715 1994 p.
722 1945 754 1993 97,
764 1945 782 1981 1.
790 1941 817 1992 ⁹⁸)

76 2009 104 2050 Ut
119 2012 188 2062 quaeri
201 2011 240 2050 iarn
254 2010 329 2063 possit,
345 2022 370 2049 an
385 2022 397 2049 a
413 2008 573 2051 THEOORITO
588 2009 669 2051 XXIV.
684 2013 722 2050 70:

135 2071 381 2134 MdrrerEdppsidd,
401 2075 459 2130 μάλα
473 2091 498 2119 σε
513 2075 631 2134 φρονέοντα
646 2074 747 2131 διδάσκω,

123 2191 152 2233 98)
162 2192 186 2224 af.
195 2190 301 2223 Clecdora:
313 2189 415 2232 Polydoro
422 2188 576 2221 Dindorf.Hesiod.
583 2188 604 2221 fr.
614 2192 640 2221 78.
652 2199 669 2230 p.
677 2192 703 2221 96.
721 2189 815 2231 Liriope:

72 2235 164 2288 ‘Aleiope
175 2247 217 2279 Bcd.
225 2247 244 2279 in
253 2247 339 2290 Mythogr.
347 2246 361 2277 I.
371 2249 409 2279 185,
421 2256 438 2287 p.
447 2249 474 2278 58.
495 2244 641 2288 Hippodamia:
651 2245 752 2278 Deidamia
760 2246 815 2278 Wess.

75 2304 124 2337 Diod.
134 2304 153 2337 V.
170 2315 187 2347 p.
196 2307 240 2344 395,
250 2308 277 2337 65.
299 2303 364 2335 Alhert.
378 2301 452 2345 Hesyoh.
465 2301 479 2334 I.
495 2312 512 2344 p.
523 2305 573 2334 1527.
589 2303 623 2333 not.
634 2305 664 2341 11,
683 2312 724 2344 quos
740 2302 816 2343 neglexit

76 2361 139 2392 Bodius
151 2361 204 2404 myth.
213 2360 226 2392 Ι.
236 2363 273 2393 iro.
290 2369 306 2400 p.
315 2363 348 2401 55,
364 2351 490 2391 Leucothea:
503 2359 610 2391 Hemithea
623 2358 686 2401 (Treta.
696 2359 715 2391 in
726 2360 816 2393 Antehoru.

5 2434 7 2436 ·
76 2427 93 2459 p.
103 2421 123 2449 18
135 2417 199 2449 Schin:
215 2413 387 2462 Κύκνος-πατὴρ
401 2416 459 2448 Τένου
472 2416 503 2448 καὶ
511 2413 535 2447 Ἡ
538 2415 623 2460 pittacio)
636 2418 652 2448 et
664 2426 706 2458 quae
714 2416 764 2458 plura
771 2426 816 2449 nune

75 2474 115 2505 nolo
131 2485 218 2508 recensere
235 2474 255 2506 ab
272 2473 359 2522 Lobeekio
375 2472 453 2514 exposita
466 2472 551 2513 Aglaoph.
569 2483 586 2514 p.
595 2476 627 2505 996
645 2476 662 2505 et
677 2484 687 2505 a
702 2474 751 2506 nohis
763 2473 815 2506 Theb.

75 2530 136 2563 Parad.
152 2541 169 2572 p.
181 2534 220 2564 453.
243 2530 351 2563 Perieres
368 2538 429 2561 nomeu
444 2531 501 2561 autem,
514 2528 591 2570 frequens
601 2528 653 2562 fuisse
665 2529 725 2562 docent
737 2528 815 2570 Heringa

76 2588 124 2620 Obss.
138 2597 174 2629 cap.
182 2587 205 2619 Π,
217 2598 233 2628 p.
244 2591 269 2620 19.
293 2586 432 2619 Hemsterhusius
443 2586 514 2617 Lueian.
526 2585 547 2617 D.
554 2586 575 2618 D.
585 2589 614 2628 22,
624 2591 639 2618 1.
651 2597 668 2629 p.
677 2589 715 2619 318.
738 2584 815 2617 Dindurf.

76 2632 134 2684 sept.
152 2644 201 2676 ries.
215 2643 244 2676 rr.
257 2654 273 2685 p.
287 2643 343 2676 ereo
360 2643 382 2675 cf.
399 2642 473 2675 nonen.
488 2642 538 2682 earn.
552 2643 571 2676 v.
585 2647 600 2675 a.
616 2653 633 2684 p.
646 2647 685 2675 aar.
713 2643 815 2688 Περίηρς

75 2700 197 2744 §chaeldewin
211 2700 257 2733 Coni.
271 2699 312 2732 erit.
324 2711 342 2742 p.
352 2703 366 2732 9.
