1780 2885
50 51 91 90 122
373 63 428 106 Caput
436 64 465 98 VI.

50 163 153 223 φεύγοντα
160 163 197 206 καί
204 164 391 223 καταψευδόμενος
398 167 434 224 τῆς
444 165 557 225 θαλάσσης
568 166 604 210 καὶ
615 172 657 211 τῶν
664 167 790 224 πνευμάτων

50 229 96 276 εἶτα
116 232 180 276 καλὸν
197 235 267 286 καλῶς
281 231 357 278 ἑαυτὸν
372 233 480 290 βαπτίζων
495 233 526 287 εἰς
541 235 578 295 την
593 236 704 280 Κωπαΐδα
718 235 791 296 λίμνην

49 301 78 354 ὡς
93 299 173 346 αὐτόθι
187 303 326 359 κατασβέσων
341 302 378 347 τόν
392 301 461 362 ἔρωτα
477 304 512 348 καὶ
528 310 566 364 τῆς
582 304 703 361 ἐπιθυμίας
718 307 790 349 άπαλ-

49 369 171 427 λαξόμενος.
202 375 261 421 Quae
277 377 357 429 quidem
370 377 484 417 testimonia
497 379 532 418 aut
541 378 637 418 uniuersa
648 380 684 419 aut
693 379 790 431 pleraque

50 445 161 485 attulerunt
176 445 271 499 deinceps
284 446 403 486 Parrhasius
419 447 440 486 in
451 446 553 488 Claudian.
564 447 624 501 Rapt.
635 447 690 487 Pros.
702 449 728 489 Π.
741 451 789 488 133.

49 529 68 567 p.
84 513 124 555 CL.
159 514 276 568 Leopardus
298 515 394 555 Emeudd.
409 515 446 556 IV.
462 519 481 556 4.
502 531 521 570 p.
538 520 564 557 67
585 531 612 571 sq.
642 516 701 562 Grut.
721 517 790 569 Lamp.

51 584 73 624 T.
84 584 122 623 ΠΙ.
149 584 267 624 Holstenius
282 584 302 624 in
318 583 386 639 Steph.
401 584 451 638 Byz.
471 600 489 638 p.
501 588 529 626 44
545 586 699 639 Meineliiusque
712 600 731 639 p.
743 587 790 626 114.

51 653 189 704 Passeratius,
206 653 309 693 Marcilius
324 666 354 707 ap.
370 653 478 695 Burmann.
494 669 513 708 p.
525 657 566 695 545
582 656 624 708 (qui
638 656 691 709 quod
705 655 791 695 Pollucis

50 723 187 762 testimonium
206 723 235 762 sic
254 722 353 776 loquitur,
374 725 397 762 ut
411 723 504 763 Muretus
519 727 602 776 p.147,
623 724 644 763 id
659 725 750 776 quamvis
766 725 791 763 ab
838 764 842 773 ,

49 791 183 843 Herlzbergio
203 805 282 844 quoque
301 792 435 844 significatum
454 806 491 832 uos
512 795 579 832 tamen
593 793 684 832 uidemus
699 794 791 843 nullum),

50 860 141 912 Scaliger
155 875 173 913 p.
185 863 233 910 500,
244 860 357 900 Broukhus.
368 875 386 914 p.
398 863 446 912 284,
461 861 582 913 Hertzberg.
593 876 611 914 p.
623 865 672 911 279,
687 861 791 901 Simsonus

51 929 122 970 Chron.
139 929 163 969 Α.
177 929 204 969 M
219 933 282 970 2812.
300 944 318 982 p.
331 932 384 980 308,
403 930 492 970 Bachius
512 930 533 969 in
549 930 641 970 Phanocl.
656 931 725 982 fragm.
738 932 756 970 5.
773 945 791 982 p.

51 1001 99 1038 204.
121 999 233 1038 Muellerus
254 997 345 1038 Orchom.
365 1013 384 1052 p.
401 987 448 1039 215.
468 1001 507 1039 not.
524 1003 546 1049 1,
566 999 731 1039 Schneidewinus
751 1000 762 1038 l.
774 1000 791 1038 d.

50 1082 68 1120 p.
80 1070 121 1107 378
131 1082 158 1120 sq.
174 1068 283 1118 (Meinekio
293 1068 305 1107 l.
317 1069 335 1107 d.
349 1082 367 1120 p.
380 1070 420 1107 115
436 1069 544 1118 laudatus),
559 1069 583 1108 ut
592 1070 660 1107 tamen
670 1068 725 1114 vitia,
741 1080 792 1119 quae

49 1137 70 1175 in
85 1137 185 1176 Plutarchi
202 1135 338 1189 Stephanique
353 1137 400 1176 locis
415 1137 565 1186 inveterarunt,
585 1150 597 1176 a
613 1137 667 1176 nullo
682 1137 791 1176 eximeren-

50 1208 87 1245 tur.
117 1206 145 1245 Et
164 1206 305 1245 Plutarcho
324 1206 404 1258 quidem
427 1206 491 1256 (cuius
512 1206 633 1245 sententiam
651 1206 671 1245 in
690 1206 792 1245 diuersum

50 1276 132 1314 trahunt
146 1274 237 1326 Scaliger
252 1288 275 1314 ac
291 1274 437 1324 Broukhusius,
454 1287 513 1327 quam
524 1287 569 1314 esse
580 1275 674 1314 statuerit
684 1273 791 1314 Schneide-

49 1344 125 1393 winus,
149 1357 189 1383 nou
209 1343 257 1382 licet
276 1357 330 1382 nuuc
349 1344 466 1395 exquirere)
491 1357 551 1395 quum
569 1345 624 1382 recte
644 1344 704 1394 atque
722 1343 791 1382 ordine

49 1413 100 1451 haec
114 1413 190 1464 liqueat
204 1412 257 1452 dicta
271 1425 326 1451 esse:
340 1408 377 1466 τὴν
386 1406 495 1451 Βοιωτίαν
506 1407 615 1466 ἐπηλδε
629 1412 792 1465 κυνηγετῶν,

51 1494 91 1520 non
108 1482 156 1521 item
176 1481 220 1521 illa:
245 1477 283 1535 την
302 1474 412 1520 Βοιωτίαν
432 1475 539 1534 ἐπῆλθε
558 1503 586 1508 —
605 1475 792 1534 καταψευδόμενος
848 1520 851 1523 ,
868 1503 869 1507 =

50 1548 87 1604 τῆς
100 1546 214 1604 θαλάσσης
229 1545 265 1588 καί
280 1548 323 1588 τῶν
340 1544 467 1600 πνευμόνιον
483 1541 545 1587 εἶτα
559 1544 639 1588 καλὸν
656 1546 726 1596 καλῶς
741 1542 790 1588 ἑαυ-

50 1615 87 1657 τδν
104 1614 248 1670 βαπτίζων
268 1612 308 1664 εἰς
327 1613 373 1670 τὴν
389 1614 528 1656 Κωπαΐδα
543 1611 652 1670 λίμνην,
672 1629 744 1655 verum
759 1618 791 1655 est

52 1687 95 1726 siue
115 1688 193 1727 sublata
212 1686 247 1725 illa
266 1699 356 1725 errorum
373 1686 522 1725 notissimorum
537 1685 594 1736 quasi
609 1685 703 1736 congerie
719 1678 791 1725 εἶτα·

50 1750 236 1811 καταψευδόμενος
257 1754 295 1810 τῆς
313 1748 428 1809 θαλάσσης
447 1750 482 1793 καὶ
505 1753 547 1793 τῶν
569 1750 696 1805 πνευμάτων
715 1748 792 1807 lippae

51 1824 95 1863 sive
110 1826 188 1873 damno,
204 1823 257 1875 quod
270 1836 310 1862 vox
324 1819 359 1862 καὶ
370 1822 455 1875 peperit,
471 1823 575 1874 reparato:
589 1817 625 1860 καὶ
640 1816 718 1875 lippet
729 1834 792 1860 κατα-

52 1889 184 1946 ψευδόμενος
203 1892 223 1930 id
242 1891 308 1940 reddi,
328 1891 380 1942 quod
395 1891 470 1942 legitur
485 1890 539 1942 apud
555 1890 666 1928 Lucianum
678 1889 742 1928 Prom.
759 1892 792 1927 10.

51 1976 69 2014 p.
83 1963 129 2001 152.
150 1961 195 2000 Vol.
209 1960 234 1999 1:
256 1954 355 2013 ηργοῑμεν
370 1954 405 2009 dr,
424 1959 480 1998 errius
495 1958 587 1997 vocabuli
598 1958 672 2009 optimo
682 1958 792 2009 interprete

51 2030 98 2069 licet
117 2030 161 2083 ipso
181 2028 285 2082 Propertio
303 2027 342 2066 uti:
366 2026 435 2076 „Hoc
454 2027 546 2065 iurene
568 2026 664 2064 amisso
681 2026 792 2064 classem

51 2112 100 2137 nou
121 2098 204 2137 solvit
223 2096 355 2135 Atrides.“
384 2095 414 2133 De
435 2094 710 2147 StephanoByaantio
725 2095 801 2133 autem.

51 2180 89 2206 nec
104 2166 197 2206 Turnebo
211 2178 318 2213 assensus,
332 2163 366 2216 qui
381 2164 488 2203 verborum
502 2157 583 2202 άνιτδν
598 2158 628 2210 εἰς
643 2159 680 2202 τὸν
691 2158 793 2216 Κηφισόν

52 2249 127 2274 memor
147 2235 228 2274 videtur
247 2234 297 2272 haec
319 2233 424 2284 scripsisse
446 2231 498 2272 lev.
513 2231 593 2270 XXVI.
610 2235 642 2271 33.
657 2245 677 2283 p.
690 2233 741 2280 042,
754 2232 793 2268 44:

52 2304 165 2355 „Argenus
186 2327 213 2331 —
236 2315 281 2341 cum
300 2302 370 2341 elassis
390 2302 410 2339 in
425 2300 498 2339 Aulide
517 2302 581 2339 staret
596 2299 663 2338 uentis
676 2299 793 2338 reflantibus
824 2329 827 2332 .

53 2372 144 2411 adversis
164 2372 184 2410 in
203 2372 271 2410 littore
291 2369 368 2408 Boeoto
388 2369 459 2407 cecidit
477 2369 498 2407 in
517 2368 626 2420 (leplrisum
647 2380 726 2406 amnem
745 2368 793 2406 suhss

53 2454 170 2493 mersusque
188 2441 229 2489 est,
253 2452 307 2478 cum
329 2438 461 2476 eum-naui
477 2437 614 2477 subisse&
629 2436 810 2489 necMeinelzioz·>
849 2446 851 2448 ’

53 2506 123 2561 ,,νέων
140 2522 176 2560 pro
196 2500 274 2547 άνιτόνὲ
294 2502 324 2554 εἰς
344 2506 397 2544 euim
412 2519 448 2558 pro
463 2502 485 2545 ἐν
500 2507 569 2545 noster
584 2506 664 2557 saepius
681 2505 749 2543 disier
765 2504 794 2541 sio
814 2512 816 2514 ·
871 2507 872 2510 ’

54 2581 130 2627 statuo,
150 2578 173 2616 ut
193 2577 235 2615 siue
252 2587 315 2628 prava
330 2574 442 2613 litterarum
458 2575 591 2627 appellatione
606 2566 673 2613 άνιιδ
679 2587 690 2612 ν
706 2566 793 2622 (ἒνίχων,

53 2651 77 2687 ut
92 2647 145 2700 apud
161 2644 266 2684 Libanium
281 2644 324 2683 Vol.
336 2643 372 2682 IV.
387 2656 405 2695 p.
417 2645 464 2693 832,
482 2647 508 2682 13
524 2639 609 2696 ἐνηχεῖν)
624 2642 667 2681 sive
683 2640 748 2679 turbis
758 2651 794 2690 per

53 2717 118 2767 illam,
132 2726 192 2768 quam
205 2713 326 2752 monstravit
339 2711 422 2751 Bastius
435 2712 455 2750 in
470 2710 532 2765 Greg.
544 2710 588 2751 Cor.
603 2725 622 2764 p.
635 2712 675 2750 368
687 2710 708 2747 et
719 2707 793 2748 comm.
