1780 2936
432 95 487 138 Caput
499 94 513 128 I.
820 84 846 121 23

107 206 156 243 542:
172 202 286 255 „Sponte
299 202 372 241 eadit
385 201 487 253 majorque
503 200 584 251 aeeepto
604 200 675 238 robore
690 198 760 248 surgit.
767 200 777 218 “
793 200 847 237 607:

104 272 271 325 „Auxilioque
286 272 330 311 diu
344 271 409 310 virtus
419 284 460 310 nun
470 282 508 309 usa
518 268 644 308 undenum
654 270 685 317 et,
700 268 733 320 qui
743 267 847 312 Lneannm

105 344 201 393 sequutus
218 344 262 395 est,
279 339 387 393 Cerippum
406 339 476 378 Joann.
487 339 512 377 V.
525 341 577 376 211:
596 351 694 389 „saepe
705 362 733 366 --
748 335 847 377 Contaeta

103 410 182 462 lapsum
198 411 306 463 reparabat
316 422 388 460 eorpus
399 421 460 446 arena
476 407 574 459 Sponte
587 407 694 455 eadere,
707 407 772 445 rietur
782 407 845 446 donee

105 478 221 532 Tirynthius
241 481 306 518 artem
324 477 451 525 Noseerear,
473 476 645 528 Mythographnm
656 474 672 514 1.
683 476 716 514 55.
731 489 749 527 p.
761 479 794 523 19,
806 478 842 516 34:

103 548 241 598 „fingebat
254 547 308 585 enim
323 559 350 585 se
366 546 472 585 eadere:
489 548 509 584 at
522 558 548 584 ex
558 547 622 584 matre
639 550 704 584 terras
716 545 768 583 vires
779 559 844 584 sume-

103 617 138 656 bat
157 619 177 655 et
199 615 268 654 fortier
290 615 414 666 snrgebat“,
438 614 552 654 Ennodinnr
576 613 641 666 Epist.
656 612 671 652 I.
689 615 706 651 9.
732 627 750 665 p.
767 615 800 652 24.
815 612 844 652 A:

104 684 322 736 „triumphalium
347 683 421 723 Antaei
444 696 549 723 easuum
572 683 647 722 faeiens
669 682 796 721 mentionem.
815 706 845 711 —

103 752 204 793 Antaeum
223 753 291 792 fabula
310 777 340 781 -
356 753 427 792 matris
444 752 546 801 solatium,
566 753 672 804 postquam
692 751 781 803 eoepit
796 764 845 791 nen

103 823 207 871 eadere,
225 822 313 874 lequitrn·
328 821 440 875 perdidisse
447 823 458 842 “
477 821 535 873 (eenf.
551 819 609 860 Ouia
622 820 652 860 Ib.
669 822 722 860 392:
738 819 788 870 Qui,
808 820 843 859 mi-

102 904 157 940 rum,
180 890 276 941 vietor,
299 904 355 931 enm
375 891 533 940 cecidisset,
552 891 622 940 erat)
641 890 662 929 et
680 889 732 929 Diet.
750 888 842 929 XXVH.

103 973 121 1012 p.
133 962 180 1000 307.
192 959 217 1000 C:
237 960 359 1009 „uincendus
374 962 406 1000 est
422 960 537 1010 (Hercules)
549 959 692 1013 congrediente
702 958 787 1008 inimico,
800 958 844 998 rin-

104 1029 179 1068 eendus
193 1030 225 1067 est
240 1031 264 1068 et
276 1029 390 1081 1000010.
406 1053 435 1057 -
450 1029 519 1069 eredat
534 1014 581 1070 uitri}
594 1040 708 1081 superesse,
724 1027 844 1080 000010010-

103 1099 144 1149 gat,
158 1111 204 1137 eum
218 1098 288 1137 humi
303 1099 379 1138 fusus
388 1099 524 1151 adspiciatnr“
536 1098 586 1137 oens.
596 1097 666 1137 Liban.
678 1093 738 1151 ἕκφρ.
754 1097 799 1137 Vol.
807 1096 844 1136 IV.

103 1180 121 1219 p.
133 1169 188 1206 1082
205 1179 233 1217 sq.
249 1190 273 1194 —
294 1167 330 1206 hes
350 1168 413 1219 igitur
427 1168 491 1219 liquet
505 1169 597 1220 speetare
610 1168 636 1206 aa
650 1168 732 1206 artem
747 1165 843 1219 [Oeripp.)

103 1236 158 1274 illam
179 1235 222 1273 sire
242 1236 359 1274 fraudem
377 1236 438 1287 (Stat.
450 1236 510 1275 Theb.
521 1236 560 1275 VI.
574 1238 623 1285 891)
643 1248 750 1287 corpere
770 1236 843 1287 supi-

102 1307 164 1343 nate
177 1304 332 1356 jaeentium,
348 1318 407 1358 quam
423 1299 547 1357 ὑπτιασμόο
561 1307 644 1355 reeant,
661 1308 684 1343 ut
699 1307 779 1357 praeter
795 1304 842 1344 Sea-

73 1411 75 1414 ,
102 1373 188 1424 ligerum
208 1372 367 1426 Salmasiunrque
388 1375 483 1414 dixerunt
497 1374 563 1413 Faber
576 1374 670 1426 Agenist.
680 1373 696 1412 I.
708 1376 740 1412 10.
755 1386 774 1425 p.
786 1376 842 1412 1829

103 1444 123 1482 et
131 1441 226 1482 Olearins
241 1443 261 1482 in
271 1443 363 1483 Philestr.
373 1443 422 1483 Her.
436 1458 454 1497 p.
466 1446 508 1483 818
524 1458 559 1496 sq,
574 1457 623 1495 ques
634 1444 725 1482 laudarit
734 1442 842 1482 Reimarus

101 1512 121 1549 in
136 1511 193 1551 Dion.
210 1511 265 1551 Cass.
276 1512 354 1551 LXXI.
371 1527 389 1565 p.
401 1516 464 1564 1182,
476 1516 508 1553 65.
530 1513 573 1552 Vol.
587 1513 621 1553 VI.
635 1528 654 1566 p.
666 1515 717 1561 697,
736 1511 841 1551 Jaeebsius

101 1580 122 1618 in
136 1580 250 1619 Philostrat.
265 1581 342 1633 Iuragg.
358 1596 376 1634 p.
388 1584 430 1622 434
444 1596 471 1635 sq.
487 1585 508 1621 et
523 1583 543 1620 in
553 1582 631 1622 Aelian.
641 1581 687 1621 Nat.
698 1581 763 1620 Anim.
774 1581 811 1620 VI.
824 1583 841 1619 9.

101 1662 119 1700 pu
131 1652 178 1687 211.
198 1649 247 1687 eenf.
264 1650 287 1688 V.
299 1652 332 1689 54.
347 1664 365 1702 p.
378 1654 425 1700 122,
442 1654 463 1689 7:
484 1652 552 1690 κεῖται
568 1648 623 1691 κατὰ
635 1651 672 1690 τοῦ
688 1646 784 1690 δαπέδου
799 1645 840 1689 ὑπ-

100 1712 143 1757 τία.
174 1716 239 1762 Quam
251 1720 314 1757 artem
325 1719 418 1758 deseribit
428 1720 512 1759 Nennus
522 1720 549 1758 X.
564 1723 612 1763 356.
629 1735 647 1773 p.
660 1722 708 1768 299,
720 1722 741 1759 9:
750 1715 842 1767 Ὕπτιος

34 1776 35 1781 ’
101 1783 252 1835 seruata-203
269 1784 410 1844 ἐπωλίσθηοε
429 1785 493 1844 κονίῃ.
511 1789 609 1828 XLVIH.
621 1791 668 1828 159.
688 1803 707 1840 p.
720 1791 786 1836 1256,
803 1791 840 1827 19:

22 1907 23 1914 ,
101 1851 147 1894 Καὶ
162 1851 215 1903 θεὸς
230 1850 378 1904 [atterutrum
395 1852 489 1904 ἑκούσιος
499 1853 563 1913 ἤριπε
578 1853 627 1913 γαίῃ
637 1853 765 1905 -”1’πτιος
776 1850 841 1904 οὗτὸς

101 1918 175 1976 &trappe
189 1925 238 1964 eenf.
248 1924 362 1966 XXXVII.
374 1929 422 1967 583.
434 1941 453 1979 p.
462 1930 509 1977 959,
518 1930 555 1967 23:
570 1922 729 1967 tueare'movu
737 1922 760 1965 δὲ
766 1926 839 1979 ταρσῷ

101 1990 175 2032 Λοιὸν
187 1990 321 2047 Ἀρισταίοιο
341 1992 409 2044 ποδὸς
430 1993 520 2051 amiqua
539 1993 738 2046 usizctgagf'nwov
751 1986 841 2033 αὐτοκό-

100 2060 173 2101 λιστοο
190 2058 239 2101 ὅλον
258 2059 403 2117 περικάββολε
423 2061 477 2120 γαίῃ,
493 2065 593 2117 signifieat
608 2065 756 2105 Ammianus
771 2063 840 2103 Mar-

100 2131 216 2170 cellinus
232 2131 279 2172 XV.
291 2136 309 2183 3,
321 2135 344 2182 r,
363 2135 420 2186 enjus
440 2136 503 2174 verba
518 2136 546 2174 sie
557 2135 600 2187 jam
614 2135 672 2174 solita
687 2134 757 2173 seribi:
772 2133 841 2183 „varie

100 2200 228 2252 disperdens,
243 2203 266 2240 ut
285 2202 305 2258 in
324 2203 496 2244 eellnetatienibus
515 2205 588 2244 ealee
603 2208 697 2244 tenere
713 2203 793 2256 quidam
808 2215 840 2242 5ο-

98 2269 142 2307 tent
161 2268 247 2309 artifiees
266 2271 413 2323 palaestritae“
435 2274 461 2312 ad
475 2274 535 2313 fidem
550 2275 650 2324 eodieum,
668 2273 689 2312 in
705 2273 775 2325 quibus
789 2273 840 2311 haee

99 2337 205 2388 leguntur:
227 2340 298 2380 eatee
313 2354 409 2392 renem,
431 2343 452 2382 is
472 2344 575 2395 quidam
597 2342 746 2395 (1111101101.)
766 2341 839 2380 eatee

100 2409 284 2459 et...quidam
301 2410 382 2463 (Ram).
399 2413 461 2452 ealee
480 2415 505 2453 et
519 2413 632 2453 Harenis
648 2412 740 2465 (Telos),
753 2412 782 2451 sie
796 2412 839 2451 exi-

100 2477 166 2528 genda
180 2489 226 2516 esse
241 2479 336 2519 arbitror:
355 2482 425 2531 „utin
440 2483 611 2523 eolluetationihus
626 2483 696 2522 ealce
710 2484 737 2522 et
751 2481 840 2521 arenis

100 2546 179 2599 quidam
190 2547 256 2587 solent
266 2549 399 2602 (disperdere)
405 2554 416 2571 “
437 2553 487 2592 eenf.
498 2551 562 2592 Sehel.
572 2553 646 2592 Lucan.
656 2551 693 2591 IV.
706 2555 738 2592 61.
756 2565 775 2604 p.
787 2553 839 2591 306:

100 2615 205 2666 „arenis
224 2629 260 2668 pre
280 2618 331 2657 oiivo
351 2633 400 2659 usus
416 2623 449 2660 est
462 2621 580 2673 (Antaeus),
600 2624 623 2661 ut
637 2623 693 2662 uires
707 2624 762 2661 terra
774 2620 839 2659 firma-

101 2687 150 2725 ret.“
174 2685 217 2725 add.
229 2685 340 2727 Uasanben.
351 2689 371 2727 in
383 2688 464 2730 Sueten.
480 2691 533 2743 Aug.
545 2693 577 2731 80,
592 2705 611 2744 p.
623 2694 664 2731 277
679 2691 746 2730 Beeel.
757 2689 840 2730 Salmas.

101 2755 122 2794 in
138 2755 254 2796 Tertulh'an.
276 2757 301 2796 de
321 2757 369 2798 Pu.
392 2773 411 2812 p.
423 2761 470 2800 259.
500 2760 570 2801 Heius.
590 2761 611 2801 iu
627 2760 685 2802 Ouid.
700 2760 748 2800 Met.
759 2759 797 2799 IX.
809 2762 841 2799 35.
