1780 2885
93 67 119 106 9ss
420 80 475 124 Caput
487 82 508 116 V.

91 195 130 234 qua
145 181 227 221 Oenone
246 182 350 233 inclaruit,
369 185 420 223 arte*
432 183 507 236 noto*)
524 185 594 225 retulit
609 186 693 228 Seruius
712 190 733 229 in
748 189 833 230 AenV.

92 254 138 290 128,
154 265 172 304 p.
184 252 237 300 325,
258 264 317 303 quem
330 252 421 304 neglexit
436 252 512 293 Badius
527 254 582 293 Nott.
595 254 626 294 Or.
641 257 662 295 iu
672 256 736 308 Myra.
751 262 833 310 12:103:

90 320 189 360 Esaens
207 321 271 371 (oodd.
292 317 411 372 Eserins,
432 322 543 373 Eserus,
564 323 669 375 Eseris)
689 325 763 365 Priami
781 328 833 366 filius

89 389 134 429 suit:
154 390 187 428 hie
207 402 228 437 se
247 391 440 442 praecipitauit
458 392 483 430 de
497 406 554 432 muro
570 406 607 431 neo
621 393 681 445 periit
696 399 716 433 et
729 407 773 433 oum
787 395 834 434 hoo

90 459 200 511 saepius
221 459 334 508 faceret,
355 460 438 499 deorum
459 461 587 502 miseratione
608 462 629 501 in
648 475 707 501 avem
722 476 832 503 conversus

89 531 131 577 est,
150 540 201 580 quae
221 528 246 567 ad
264 528 395 567 imitationem
410 530 555 581 praecipitandi
571 532 627 583 quasi
642 531 695 571 idem
709 532 757 571 fauit
772 544 832 584 saepe

89 597 215 648 mergendo“
240 599 260 635 et
280 596 382 648 llythogr.
400 597 427 636 H.
449 600 496 637 176.
521 612 539 651 p.
561 602 613 649 131,
635 603 671 641 33:
699 600 832 650 „Aesaous

90 665 219 715 (Hesurus
234 665 289 713 alai.)
301 664 355 704 filius
370 665 444 705 Priami
459 666 501 706 fuit.
531 667 570 706 Hie
586 681 607 706 se
621 669 807 721 pnaeeipitavit
821 683 832 708 e

89 747 152 773 muro
167 746 204 772 nee
214 734 278 786 periit.
303 732 331 771 Et
347 747 422 784 quum
439 735 548 787 saepius
564 736 611 775 hoo
625 738 734 787 faceret,
750 738 832 777 deorum

88 803 216 841 miseratione
231 802 324 840 inanem
340 815 412 841 versus
423 805 464 853 est,
480 816 532 855 quae
547 804 701 843 imitatione
718 806 833 857 pristina

89 873 170 911 adhue
186 870 239 908 idem
253 870 321 909 faeit‘i
352 860 393 909 Sed
408 872 493 911 liberum
507 873 532 911 de
547 885 569 911 re
580 873 662 925 ancipiti
671 874 778 926 uuicuique
789 878 831 915 esto

88 941 192 989 iudieium,
207 951 328 990 quamquam
337 939 433 978 leniorem
444 941 525 979 illorum
535 940 692 980 Soholiastarum
701 942 762 981 fidem
772 944 832 981 etiam

89 1021 113 1047 ea
127 1022 160 1047 res
176 1008 234 1055 facit,
250 1007 303 1059 quod
318 1020 369 1058 quae
384 1008 405 1046 in
421 1009 578 1048 Vratislauiensi
593 1010 652 1049 tertio
663 1011 764 1062 adscripta
774 1013 831 1051 sunt:

89 1078 145 1116 siue
162 1067 277 1126 nomine)
291 1076 396 1127 quodlibet
412 1079 456 1116 erat
469 1078 567 1116 famosum
581 1078 616 1117 uel
630 1079 729 1117 nullum
745 1081 793 1129 erat,
807 1079 832 1117 in

89 1159 136 1197 quo
161 1158 210 1184 non
233 1145 333 1183 luisset
357 1158 369 1184 a
391 1145 475 1186 Paride
501 1147 636 1199 seriptum*
655 1149 680 1185 et
700 1149 832 1199 sculptum

88 1228 180 1254 nomen
197 1213 316 1262 amicam,
331 1216 407 1252 temere
418 1215 487 1254 addita
497 1219 545 1254 sunt
554 1238 582 1243 —
593 1215 656 1266 liquet
666 1216 718 1254 euim
729 1215 831 1255 aLuoano

87 1285 125 1323 hoe
135 1284 183 1323 diei:
195 1283 297 1331 montium,
308 1283 342 1334 qui
352 1282 393 1321 illio
404 1284 467 1333 e‘raut,
477 1284 528 1322 nulli
538 1296 595 1322 suam
604 1284 691 1322 fabulam
702 1284 789 1323 defuisse
798 1302 830 1333 m;

88 1353 138 1392 illud
160 1351 241 1403 quidem
264 1352 341 1391 eertum
361 1354 393 1390 est
409 1354 469 1403 atque
490 1353 573 1391 evidens
594 1351 749 1407 Scholiastarum
769 1353 831 1392 uerba

89 1423 181 1474 speetare
202 1421 228 1458 ad
243 1419 339 1459 Oenouae
358 1421 425 1459 lusum
446 1423 467 1460 et
488 1433 565 1461 amores
571 1452 577 1470 ,
601 1434 641 1460 11011
663 1421 744 1460 luetum.
774 1421 830 1472 Ergo

88 1490 255 1543 quemadmodum
270 1485 361 1544 Μαίρας
372 1486 445 1543 χορὸς,
464 1484 530 1537 Ἠοῦς
546 1485 607 1543 χοροί
627 1490 750 1529 uocabantur
770 1488 829 1537 (Sieb.

87 1560 109 1598 in
124 1559 182 1598 Paus.
198 1558 257 1598 VIH.
273 1560 297 1607 8,
319 1561 337 1597 1.
357 1572 375 1611 p.
387 1559 437 1609 224)
458 1559 478 1597 et
494 1554 829 1607 Διὸςπέο001(01·00111.Α1’οῙ11[,

87 1628 144 1678 Ν),
161 1627 222 1666 iain
239 1627 323 1666 Troiano
338 1640 387 1678 agro
400 1629 482 1679 praeter
498 1627 537 1666 alia
546 1628 590 1666 loea
599 1626 671 1666 fabulis
681 1627 763 1679 inclyta,
779 1640 830 1678 quae

87 1696 224 1735 reoensuimus
239 1699 279 1736 not.
291 1698 329 1746 20,
345 1696 362 1735 is
378 1696 433 1735 loeus
446 1696 560 1745 visebatur,
575 1695 596 1734 in
611 1709 649 1747 quo
664 1694 728 1734 Nais
747 1693 829 1735 Oenone

88 1766 170 1805 luserat.
200 1764 267 1810 Quem
280 1764 330 1804 Idae
349 1765 415 1804 loeum
429 1764 555 1804 verticem
573 1763 621 1803 dieit
638 1763 743 1815 Lueanus,
767 1777 830 1804 saxa

88 1833 183 1874 Oenonae
201 1832 295 1883 Ouidius,
310 1833 426 1886 Propertius
441 1833 548 1872 Idaeum
562 1834 673 1881 antrum,
689 1833 713 1871 de
727 1846 765 1884 quo
775 1836 830 1873 reete

88 1904 184 1943 statuisse
197 1902 257 1941 uideo
272 1902 397 1955 Lenuepium
417 1902 509 1954 quamuis
523 1901 600 1941 Luoani
618 1902 758 1941 immemorem.
789 1901 838 1948 Oui·

87 1974 108 2012 in
124 1971 160 2012 On.
174 1970 258 2011 HenV.
271 1973 303 2010 14.
319 1985 338 2023 p.
354 1973 406 2010 192:
431 1983 477 2015 sua
499 1983 573 2019 saxa,
595 1970 669 2022 iuquit,
689 1973 758 2019 uooat,
778 1983 829 2021 quae

86 2041 194 2081 Idaeum
223 2042 325 2079 antrum
353 2040 470 2092 Propertius
493 2038 520 2078 Π.
546 2041 585 2089 23,
607 2040 644 2079 95:
680 2036 731 2078 Oum
758 2039 829 2091 quibus

87 2110 167 2149 idaeo
180 2108 249 2160 legisti
265 2122 336 2161 poma
351 2110 398 2148 sub
413 2110 479 2147 antro
490 2106 598 2161 Subposita
609 2108 757 2160 exeipiens,
771 2107 829 2158 Nai,

88 2179 184 2219 eaduoa
198 2190 283 2226 mauu,
296 2178 330 2217 ubi
346 2177 393 2230 quin
409 2175 491 2217 Oenone
507 2176 631 2228 signifieetur
644 2177 736 2229 equidem
749 2177 829 2216 minime

87 2248 178 2287 dnbit0.“
207 2246 298 2298 Denique
318 2246 371 2285 idem
392 2247 488 2285 statuisse
506 2246 587 2285 videtur
606 2245 664 2284 Titus
686 2243 757 2285 Stroza
770 2245 828 2297 Eleg.

87 2392 113 2424 dis
130 2392 197 2425 Helena
213 2392 276 2424 iudicio
292 2390 357 2422 Priami
372 2399 406 2421 non
421 2390 463 2430 sibi,
481 2389 510 2421 sed
524 2387 614 2431 Deiphobo
632 2389 677 2420 esset
689 2388 793 2429 adiudicata,
810 2388 829 2421 in

87 2449 134 2481 ldam
146 2451 219 2482 montem
230 2449 294 2491 fugisse
307 2449 356 2490 atque
370 2446 429 2479 exinde
442 2448 520 2479 monente
534 2445 624 2479 Calchante
635 2444 735 2487 productum
748 2445 768 2477 de
777 2445 828 2478 Pal-

87 2506 150 2538 ladio
171 2516 204 2548 pro
224 2506 263 2537 odio
282 2504 398 2547 prodidisse.“
424 2504 510 2536 Nimirum
529 2504 562 2535 1100
580 2512 645 2544 quoque
664 2503 741 2534 nonnulli
757 2505 829 2544 utroque

87 2563 154 2595 Paridis
167 2562 247 2603 coniugio
259 2561 329 2594 confuso
341 2560 446 2593 tradiderunt
457 2560 534 2593 Helenae
549 2559 569 2596 ἐξ
578 2556 699 2606 Ἀλεξάνδρου
711 2557 758 2605 Κόρ
766 2562 828 2591 udor

86 2618 205 2663 ἢἛλενον
217 2620 270 2652 filium
283 2618 335 2650 fluisse
347 2617 409 2650 Aneod.
423 2616 502 2650 Ρ11,ΙΠ.
516 2628 533 2659 p,
542 2619 586 2658 437,
600 2619 626 2648 18.
834 2661 837 2664 Δ

132 2676 150 2721 t)
166 2676 234 2709 Munok.
250 2677 269 2708 in
283 2676 348 2720 Hygin.
361 2679 388 2708 al.
405 2686 422 2716 p.
436 2679 467 2708 171
484 2685 508 2716 sq.
535 2674 612 2714 Euphor.
628 2674 688 2714 fragm.
702 2675 741 2704 150.
759 2682 776 2713 p.
790 2675 828 2705 152.

87 2736 142 2769 Schol.
155 2735 210 2770 Paris,
221 2734 307 2777 Lycophi.
320 2736 358 2765 224.
371 2743 388 2773 p.
399 2735 420 2764 60
433 2734 550 2768 Αἴσακος-
563 2726 636 2775 μάντις.
