1780 2936
381 134 436 177 Caput
448 132 472 168 Π.
767 110 798 162 ’33

55 237 186 295 γενέσθαι
204 240 254 282 τῶν
276 236 382 292 datm)
408 239 452 280 sive
469 250 540 278 vocem
559 232 596 277 καὶ
617 238 663 277 ante
683 249 744 277 voces
764 232 801 276 τὸν

55 307 164 365 λεγόμενον
179 312 265 365 positam
278 310 327 350 tibet
341 309 440 349 retinere:

83 375 178 420 ἐνταῦθα
197 378 303 436 τραφῆναι
323 374 409 431 λέγουσι
424 374 495 417 (Βαῖτιν
511 367 536 414 ὗν
555 369 600 413 καὶ
620 373 662 414 τῶν
680 370 799 429 λεγομένων

85 445 173 505 Θησέως
194 446 249 489 κατὰ
270 443 297 487 τὰ
317 441 360 501 ἔντη
379 440 473 485 diffiteor
493 439 538 483 ἕνα
558 438 697 498 γενέσθαι.
737 444 799 498 Προ-

85 514 177 559 tuturos*
193 541 225 556 —.
793 550 794 553 ,

55 586 164 626 Maiuimus
185 585 238 624 enim
256 582 296 622 iam
317 581 365 621 fidei
383 580 472 621 codicum
491 579 590 619 Vindobb.
606 578 672 630 Lugd.
687 578 764 629 Vatic,
779 581 801 620 in

56 655 129 707 quibus
148 654 206 692 extat
222 652 330 706 τραφῆναι
349 646 463 703 λέγουσι
483 644 520 688 καὶ
535 644 573 687 τὸν
587 643 698 699 λεγόμενον
712 649 750 688 hoc
765 649 800 688 tri-

55 724 128 771 buere,
142 723 166 761 ut
180 734 253 761 nomen
270 720 340 760 Φοῖον
354 719 389 759 vet
405 716 476 759 octav
488 709 512 757 ὗν
525 716 546 755 in
562 716 662 756 codicibus
677 716 742 770 Mosq.
757 717 801 758 Mo-

56 803 98 830 nac.
113 790 175 830 Paris.
188 789 272 841 Anger,
291 788 398 840 inquibus
413 787 515 826 invenitur
530 784 637 840 τραφῆναι
653 798 722 840 φασι
736 788 801 841 (φα-

58 860 113 910 σιν)
130 855 177 909 καὶ,
194 871 257 911 prave
271 858 293 897 in
307 858 358 896 hanc
373 856 471 909 speciem:
491 850 559 909 φασὶν
572 854 673 893 detortum
688 868 745 905 esse,
765 856 800 894 de-

57 929 133 967 tortum
157 928 202 967 voci
220 922 306 979 λέγουσι
325 925 418 964 nocuisse
439 925 586 972 statueremus,
609 935 670 974 quam
688 925 724 963 aut
744 924 802 976 sequi

58 995 180 1037 Clavierium
204 994 371 1046 Siebetisiumque
395 995 416 1032 et
436 992 580 1032 Schubartum:
599 987 711 1047 τραφῆναί
733 1005 801 1049 φασι

58 1065 146 1105 (Βαῖτιν
165 1066 201 1104 ant
220 1076 332 1116 proponere
352 1064 398 1102 hoc:
422 1055 531 1116 τραφῆναί
550 1071 605 1115 φασι
626 1062 674 1101 οῦν
696 1059 728 1116 (ut
747 1062 802 1115 apud

55 1133 156 1173 eruam.
166 1133 185 1172 u.
197 1133 229 1172 aa.
240 1120 549 1183 1111111.Ηῃοοορῑεοοο.
564 1128 611 1168 ma.
622 1130 643 1168 et
652 1129 725 1170 areca.
738 1130 800 1171 coeo.

56 1201 123 1254 Regg.
142 1201 164 1240 T.
177 1201 214 1241 IV.
231 1215 250 1253 p.
261 1203 298 1239 22:
317 1192 446 1253 Kocptocovip
466 1194 509 1246 out)
528 1197 563 1237 uel
582 1208 664 1252 φασιν
679 1191 713 1239 ὗν.
739 1195 801 1239 Ἕνα

57 1272 126 1310 autem
141 1270 215 1309 addere
229 1269 286 1309 nobis
298 1269 327 1307 sic
336 1268 403 1307 visum
413 1269 455 1316 est,
467 1268 490 1306 ut
499 1266 601 1306 Meinekio
612 1268 666 1320 apud
676 1267 801 1320 Stephanum

57 1339 178 1391 Byzantium
196 1338 209 1377 1.
220 1338 250 1377 d:
273 1324 316 1376 τῶν
337 1332 424 1390 Θησέως
443 1329 518 1374 datm
538 1330 595 1386 ἕνα,
615 1337 670 1388 apud
692 1337 741 1376 aiios
761 1336 802 1376 Do-

56 1410 118 1449 braeo
135 1407 185 1448 Adv.
207 1396 234 1446 ad
246 1406 350 1446 Demosth.
365 1406 391 1444 de
405 1404 476 1445 (toron.
488 1406 536 1453 316,
547 1405 580 1443 24.
595 1418 614 1457 p.
625 1407 653 1444 20
668 1405 729 1445 Dobs.
749 1406 800 1446 conf.

58 1477 148 1517 Siebelis
163 1476 184 1516 in
196 1476 281 1516 Pausan.
292 1474 351 1515 VHI.
362 1476 396 1523 38,
406 1476 425 1513 4.
442 1473 487 1513 Voi.
498 1472 536 1512 ΠΙ.
556 1487 575 1526 p.
587 1475 635 1513 320.

420 1584 443 1632 3.

125 1677 170 1717 Hoc
188 1679 251 1731 igitur
270 1678 342 1717 iudicio
363 1678 494 1730 pronuntiare
514 1678 582 1716 visum
602 1678 634 1716 est
653 1679 678 1717 de
694 1677 766 1718 Ouidio
782 1680 804 1719 et

57 1746 168 1798 Pausania,
184 1760 233 1800 quos
250 1749 343 1786 auctores
359 1745 463 1798 professus
479 1744 613 1796 Saiuagnius,
631 1759 690 1798 quem
705 1749 803 1800 sequutus

57 1817 90 1855 est
102 1814 210 1865 Heinsius,
225 1815 299 1865 „Sinin
314 1815 417 1854 diuersum
430 1815 494 1854 fuisse
509 1826 521 1853 a
535 1814 692 1867 Pityocompta“
705 1817 802 1856 narravit.

57 1883 149 1934 Fugerat
164 1886 232 1923 autem
251 1885 332 1924 doctum
352 1884 420 1922 virum
438 1895 487 1922 suae
507 1883 620 1922 sententiae
638 1884 713 1923 test-em
727 1885 803 1924 addere

57 1950 245 1991 Evsrnrarvm
258 1953 280 1991 in
293 1952 351 1991 Hom.
367 1951 390 1990 IL
401 1951 417 1990 Ι.
431 1953 479 1991 591.
498 1965 517 2003 p.
529 1953 577 2001 158,
589 1954 626 1991 21:

86 2014 116 2067 ὡς
135 2016 159 2059 δὲ
173 2017 210 2060 καὶ
225 2016 284 2068 Σίνις
302 2015 389 2068 Σίνιδος
403 2015 490 2074 ὕστερον
504 2016 583 2073 λῃστὴς
593 2042 604 2047 -
615 2014 638 2058 αἱ
657 2015 751 2074 ἱστορίαι
764 2019 802 2075 ὁη-

81 2086 148 2127 Υλοῦοι
164 2085 309 2143 περιςῖὄοοοοι
328 2084 375 2127 καὶ
394 2082 487 2138 αὐτὸν,
508 2085 570 2127 καθὰ
588 2083 625 2126 καὶ
640 2084 677 2128 τὸν
693 2083 802 2142 Σκείρωνα

86 2151 184 2195 καὶτὸν
200 2149 423 2210 Πιτυοκάμπτην
438 2152 475 2194 καὶ
491 2151 528 2195 τὸν
543 2149 616 2195 Κάκον
630 2152 667 2196 καὶ
681 2153 718 2196 τὸν
727 2153 802 2209 Λίβον

80 2215 179 2262 Ἀνταῖον
194 2220 232 2263 καὶ
246 2220 296 2272 τοὺς
310 2217 428 2271 τοιούτους.

58 2280 123 2331 Unius
139 2291 178 2332 ioci
198 2293 296 2332 rationem
315 2305 354 2331 nec
374 2293 399 2332 ab
419 2292 473 2343 aliis,
494 2292 528 2345 qui
547 2292 583 2330 aut
601 2291 626 2330 de
642 2290 710 2332 Sinide
724 2293 803 2332 latrone

58 2361 93 2398 aut
108 2359 133 2398 de
148 2360 169 2399 vi
184 2362 206 2400 et
220 2375 260 2400 usu
270 2361 355 2400 nominis
366 2355 421 2409 σίνις
431 2361 596 2413 disputaverunt,
612 2361 733 2411 explicatam
742 2361 802 2401 video

57 2439 95 2466 nec
114 2428 139 2466 ab
160 2426 280 2481 Spanhemio
300 2429 322 2468 in
340 2428 453 2470 Callimach.
474 2428 669 2481 Ap011.92.p.1ca
685 2442 713 2481 sq.
734 2431 770 2470 aut
791 2443 803 2470 a

58 2494 176 2536 Biomiieido
192 2495 258 2537 Gloss.
274 2497 295 2536 in
305 2496 378 2537 Aesch.
392 2497 464 2549 Agam.
477 2500 524 2537 697.
539 2511 558 2550 Ρ,
569 2499 610 2536 246
630 2498 680 2537 conf.
691 2497 803 2550 Boettiger.

58 2565 107 2606 Vas.
125 2564 174 2604 Pict.
184 2565 200 2605 Ι,
212 2568 230 2605 2.
250 2579 269 2618 p.
281 2569 333 2615 139,
353 2579 412 2619 quem
431 2566 539 2605 laudarunt
553 2564 657 2605 Iacobsius
676 2566 697 2605 in
712 2566 804 2607 Philostr.

58 2635 136 2686 Imagg.
151 2633 178 2674 H.
195 2638 227 2673 21.
246 2648 265 2687 p.
277 2636 318 2674 518
340 2636 361 2674 et
378 2634 523 2687 Bernhardyus
543 2634 564 2673 in
580 2633 671 2674 Sanun.
685 2649 704 2689 p.
717 2638 764 2687 763,
780 2639 803 2684 4;

59 2718 106 2745 nam
120 2717 171 2758 quae
183 2704 285 2744 Meursius
304 2704 364 2744 Thes.
375 2707 394 2745 5.
409 2718 428 2758 p.
440 2708 467 2745 14
482 2719 524 2758 sqq.
539 2706 674 2756 congesserit,
689 2706 738 2744 mihi
751 2718 804 2744 nnnc

58 2776 204 2831 incompertum
222 2775 264 2823 est,
287 2773 364 2813 Potitus
384 2773 594 2815 teramnanae,
613 2774 626 2813 i.
639 2774 658 2814 d.
671 2774 738 2814 minus
753 2776 804 2815 bene

88 2854 144 2880 Sinis.
646 2846 660 2884 3
