1780 2936
396 101 451 144 Caput
462 100 492 134 Vl.
781 85 822 124 123

81 207 121 248 Pal.
135 223 153 262 p.
166 211 216 259 779,
240 211 333 250 notarum
354 223 382 249 (αν
402 209 423 248 et
441 206 623 259 psimilitudinem
640 205 688 246 ortis
705 205 763 244 ineo
779 203 822 242 loeo

81 272 165 319 ιἰνιιόν
181 280 239 333 prodi
254 281 346 333 soepturn
363 292 413 329 esse,
429 277 463 330 qui
477 277 586 317 deberetur
601 276 645 316 vooi
660 271 823 330 ἐννήχιιν31);

81 342 197 405 ἐννήχαιν
215 344 246 398 ἐἰς
265 346 303 391 τὸν
323 344 433 404 Κιμμισόν,
459 360 511 401 quae
528 347 609 399 integra
629 359 675 385 esse
691 348 711 385 et
725 342 822 384 Libanins

81 419 93 458 l.
105 419 122 459 d.
147 417 277 471 Galennsque
292 419 316 459 iis
331 419 389 469 loeis,
405 430 454 469 quos
470 417 538 457 attulit
547 415 624 457 Hasius
635 415 703 468 Steph.
714 414 773 454 Thes.
783 411 823 452 ΠΙ,

81 502 100 541 p.
112 490 168 528 1114
176 489 197 530 0.
213 502 236 528 ao
252 488 370 529 Sohaeferus
381 487 402 526 in
412 485 476 526 Sehol.
487 486 552 539 Apoll.
563 484 628 525 Rhod.
638 484 675 524 IV.
687 486 734 524 937.
749 497 768 536 p.
780 484 822 523 307

82 558 155 597 docent
168 559 188 598 et
203 557 250 596 inde
265 559 359 609 apparet7
374 556 427 609 quod
441 558 462 595 et
478 551 606 595 ἐντέλλεσθαι
620 553 651 609 νῷ
662 547 721 607 ἀσκῷ
732 554 753 591 et
763 548 821 592 ἐναλ-

82 624 162 666 λεσθαι
184 622 215 675 εἷς
239 623 276 667 τὸν
303 617 368 666 ἀσκόν
388 625 426 665 diei
446 625 560 665 invenimus
580 624 696 663 Henisterh.
716 623 737 662 in
759 620 823 661 behel.

82 695 184 748 Aristoph.
203 695 254 735 Plut.
267 698 329 736 1130.
348 709 367 748 p.
378 698 419 735 431
439 697 460 734 et
478 695 527 734 andr
547 689 743 748 &appellabimini
758 693 780 730 et
794 686 825 738 εἰς

82 760 157 815 λιμένα
178 764 266 805 Graium.
285 764 394 805 Hermann.
408 778 426 817 p.
438 767 490 805 300:
511 760 596 817 καναγια
611 759 637 802 ab
652 758 682 811 εἷς
695 759 772 814 λιμένα
786 756 824 814 τὴν

82 833 132 873 ναῦν
146 830 259 889 ἐναρμίζιυ,
277 835 315 875 alia
329 834 397 874 multa.

109 901 110 904 ’
141 902 175 942 Ex
191 904 262 955 quibus
276 905 305 943 ita
315 904 423 957 propositis
433 904 554 954 intelligitur
565 903 677 955 quicunque
688 901 713 940 de
723 899 824 952 Argynna

82 972 190 1011 memoriae
205 968 346 1025 prodiderunt,
370 986 404 1013 eos
419 973 520 1012 Phanoole
541 972 667 1024 potissimum
688 971 769 1009 auotore
785 970 825 1007 ste-

81 1041 138 1079 tisse.
169 1040 228 1087 Quod
248 1043 315 1095 ipsum
330 1042 460 1092 Hertnhergii
480 1041 561 1081 solertia
577 1055 617 1080 non
631 1039 696 1091 magis
709 1053 728 1091 p.
739 1040 780 1077 279
796 1037 825 1075 inss

82 1109 201 1161 vestigavit,
217 1124 276 1162 quam
290 1125 308 1163 p.
320 1114 362 1151 280
378 1124 412 1150 eas
426 1123 464 1160 res,
482 1123 533 1162 quae
543 1098 624 1148 Aulidis
635 1107 734 1148 elassibus
744 1107 825 1158 iniquae

23 1186 25 1188 '
83 1180 104 1216 et
122 1178 217 1231 Argynni
241 1179 261 1218 in
281 1178 367 1232 Cephiso
387 1192 445 1219 amne
464 1179 548 1224 entineti
567 1178 663 1217 mentioni
682 1177 741 1216 simul
759 1176 825 1215 saetae

82 1247 185 1298 propiores
205 1248 300 1287 videntur
319 1261 365 1286 esse
384 1250 405 1287 et
419 1247 559 1287 adiunctiores.
588 1247 646 1292 aiios
663 1245 715 1284 enirn
730 1259 755 1283 ne
771 1256 825 1283 nune

84 1314 164 1364 quidem
186 1315 239 1354 [loeti
262 1315 351 1355 homines
372 1318 506 1368 peraeperunt
525 1318 546 1354 et
563 1315 739 1367 oiroumspeetione
759 1314 825 1365 aliqua

84 1385 104 1421 et
123 1387 215 1423 aoourata
235 1385 394 1424 consideratione
416 1386 462 1424 tuiti
480 1387 538 1433 suut,
561 1384 582 1423 id
601 1397 654 1423 nova
674 1382 825 1423 asseveratione

84 1449 222 1491 affirmandum
237 1456 269 1492 est
283 1455 344 1505 atque
358 1453 508 1493 insuleaudum:
528 1455 621 1492 veterum
642 1452 761 1504 scriptorum
773 1453 826 1490 hune

82 1519 145 1559 fuisse
168 1534 298 1570 eonsensum,
322 1523 346 1561 ut
365 1527 386 1561 et
404 1521 512 1573 Uephisruu
535 1523 556 1560 et
576 1519 716 1575 Ismenum³2)
736 1521 825 1559 dicerent

83 1588 129 1626 olim
146 1589 166 1627 in
184 1603 240 1628 mare
260 1590 350 1641 erupisse
371 1595 392 1629 et
413 1590 505 1642 erupisse
525 1591 578 1641 apud
598 1589 697 1629 Aulidem.
731 1589 784 1628 Nam
805 1592 826 1627 et

83 1654 159 1695 Statius
179 1656 240 1696 Theb.
252 1658 299 1697 VH.
316 1660 368 1697 348:
386 1659 587 1711 „propellentemque
604 1658 695 1697 Lilaearn
715 1656 825 1710 Cephisi

128 1789 157 1831 31)
170 1790 245 1822 Alterius
257 1791 295 1823 vitii
308 1791 371 1832 origini
386 1791 504 1824 monstrandae
520 1792 582 1824 idonea
592 1794 634 1825 haee
647 1803 776 1825 commemorare
785 1791 825 1823 atti-

81 1848 118 1878 net:
136 1844 201 1884 ιἰνίας
213 1858 244 1889 pro
257 1848 345 1886 ἐννοίας
364 1850 445 1891 seriptum
462 1848 507 1890 apud
518 1849 608 1881 Philonem
623 1848 696 1882 Volll.
710 1860 726 1891 p.
736 1852 763 1880 21.
777 1847 824 1882 [ἶνέ-

80 1903 133 1944 fiscis:
147 1902 228 1946 ἐνέβαλε
243 1905 308 1937 Sehaef.
321 1906 376 1946 Loug.
385 1906 398 1937 l.
415 1917 433 1946 p.
443 1910 482 1938 330.
496 1905 676 1951 ἐμαιιιλεχιιένωνε
693 1905 823 1948 ἀναπεπλεγ-

80 1961 138 2004 μέναν
145 1961 206 1993 Athen.
214 1960 254 1993 XH.
266 1973 283 2002 p.
292 1963 357 1997 52511.
370 1962 389 1994 de
401 1963 459 2004 quoin
465 1962 547 1994 Emendd.
555 1963 608 2004 Prop.
617 1962 688 1995 dicetur.
701 1959 823 2007 ἕνοίστρηαεῑ

81 2013 255 2061 ιλνοίσνρησεΒοίεε,
263 2019 357 2063 Theophyl.
365 2020 411 2052 Dial.
418 2030 434 2060 p.
445 2023 483 2051 172.
494 2022 529 2052 not.
539 2023 554 2050 2.
569 2018 633 2053 odds‘r:
646 2017 686 2052 οὐδ’
698 2017 726 2052 ἄν
733 2021 774 2051 Aen.
784 2020 824 2052 Gau.

80 2083 97 2112 p.
107 2075 146 2105 236.
159 2070 262 2119 ἀνίκμοιςε
275 2074 364 2120 ἐνίκμινις
381 2076 432 2108 Psell.
445 2077 503 2108 Daem.
517 2087 534 2117 p.
544 2080 571 2108 20.
587 2076 638 2108 Diod.
650 2076 699 2109 XIX.
714 2088 731 2118 p.
740 2080 779 2117 341,
795 2081 825 2109 72:

81 2127 104 2163 ὠς
118 2125 130 2160 ct
136 2141 146 2162 ν
154 2131 243 2173 τέτταρσι.
265 2132 321 2164 Wess
336 2131 359 2168 ὠς
371 2131 398 2167 ιλιι
412 2133 440 2165 ἐν.
461 2133 542 2165 Himer.
552 2133 579 2165 Or.
588 2133 644 2165 XXV.
653 2138 669 2166 4.
686 2145 703 2175 p.
713 2138 756 2166 816:
769 2136 824 2180 φαρέ-

80 2196 100 2230 vp
106 2196 132 2218 αν
145 2183 236 2231 ἡμμένος,
251 2188 295 2230 quod
308 2189 345 2221 fieri
357 2192 460 2236 φαρέτραν
475 2189 591 2236 ἐνημμένος
604 2191 684 2222 iussimus
698 2191 751 2223 Theb.
763 2192 825 2223 Parad.

78 2252 95 2282 p.
109 2245 148 2277 403.

127 2299 155 2341 32)
168 2299 194 2332 De
207 2301 273 2333 lsmeno
287 2301 374 2334 subtiliore
388 2303 486 2344 quaestione
499 2304 621 2345 explicavimus
629 2304 682 2336 Theb.
691 2305 753 2337 Parad.
765 2317 782 2348 p.
792 2310 825 2338 170

79 2366 113 2396 sq„
132 2367 174 2398 quae
189 2357 223 2389 iam
238 2358 270 2397 iis⁷
288 2369 329 2400 quae
348 2359 367 2390 de
386 2359 460 2401 Cephiso
478 2370 525 2392 amne
538 2360 672 2401 exploravimus,
691 2362 764 2394 certiora
776 2363 824 2396 fiunt.

77 2411 173 2443 Reddamus
187 2417 248 2454 autem,
262 2415 306 2457 qnod
319 2416 336 2447 in
347 2416 379 2447 illo
390 2416 428 2448 loeo
443 2417 522 2448 omissum
536 2420 569 2449 est:
583 2418 656 2450 dubitari
669 2429 729 2460 posse,
742 2429 765 2450 an
780 2421 825 2462 apud

77 2469 200 2509 Apuleium
217 2470 258 2502 liet.
271 2471 301 2505 lV.
321 2483 337 2513 p.
350 2476 392 2505 263:
410 2484 487 2515 „eorpus
506 2474 590 2515 reliquum
606 2477 651 2516 veste
667 2476 713 2508 linea
731 2476 825 2519 diligenter

78 2525 185 2557 convolutum
207 2528 261 2559 mari
284 2529 370 2561 celandum
387 2531 516 2562 commisimus“
533 2541 593 2562 nomeu
608 2531 693 2563 Ismeni
709 2535 825 2575 reparandum
877 2573 879 2575 p

77 2583 108 2624 sit;
124 2592 162 2614 nani
174 2592 206 2623 pro
219 2583 321 2617 Ismenos
333 2589 350 2617 et
362 2587 436 2619 Alanos
449 2587 530 2629 seriptum
544 2588 638 2619 invenimus
652 2589 670 2620 in
683 2584 768 2622 Chronico
777 2593 823 2623 Ano-

76 2640 122 2683 nymi
130 2651 146 2681 p.
155 2643 192 2671 201⁴
206 2640 227 2671 D.
237 2640 314 2673 Galland.
323 2642 382 2683 (Theb.
389 2644 451 2677 Parad.
460 2656 476 2686 p.
485 2644 530 2686 128),
539 2647 558 2676 ut
571 2645 589 2676 in
602 2645 659 2678 codiee
668 2646 742 2680 Vindob.
756 2648 822 2680 Philos.

76 2696 153 2729 CLXXI.
167 2707 194 2738 ap.
208 2696 296 2729 Sohubert.
309 2709 326 2740 p.
336 2703 374 2731 000.
386 2701 459 2743 Ephein.
470 2691 527 2744 Antio.
541 2705 590 2733 1842.
604 2692 713 2744 Μηνιός,
726 2707 743 2736 et
754 2704 820 2736 Isma-

75 2764 111 2786 rus
122 2755 140 2786 in
152 2765 172 2786 eo
184 2754 251 2798 Hygini
261 2755 309 2795 loco,
322 2756 342 2788 de
357 2767 389 2799 quo
401 2757 465 2791 dietum
478 2761 503 2791 est
515 2759 534 2790 in
546 2758 608 2791 Parad.
626 2769 643 2800 p.
653 2763 691 2793 173.
