1780 2936
394 79 449 123 Caput
459 79 500 113 VII.
683 98 685 102 .
784 67 824 106 141

79 184 305 235 11091191196911511949)
325 186 346 226 id
361 187 452 238 ignorat,
473 183 526 237 qnod
546 195 582 236 pro
597 183 698 235 comperto
714 180 826 222 attulerunt

78 253 160 294 Delrius
174 255 195 295 in
210 255 279 295 Senec.
290 254 342 295 bled.
355 257 402 296 384.
418 269 438 307 p.
449 255 491 294 485
507 255 528 292 et
542 250 621 292 Oortius
632 251 653 290 in
663 250 738 291 Lucan.
749 250 765 291 l.
778 253 825 291 674.

79 337 98 375 p.
110 326 152 363 174
175 325 212 374 „in
232 324 308 381 vertice
327 325 403 365 Pindi
422 324 492 364 solitas
515 335 560 362 esse
580 320 689 361 Maenades
709 320 802 361 bacchari
809 321 825 370 “7

79 406 119 431 non
138 395 223 433 obscure
244 393 344 445 significat
359 393 452 433 Sidonius
468 391 533 444 Apoll.
551 389 615 431 carm.
630 389 656 439 V.-
670 392 722 430 233:
742 389 825 441 „Hae-

80 462 177 501 monias
202 463 249 503 dum
268 462 372 502 flammant
394 462 470 514 orgia
489 460 610 501 matres.“
643 458 701 499 Pindi
722 460 789 500 autem
804 461 825 499 et

81 529 170 584 Othryos
190 531 286 572 montium
304 531 400 584 fluviique
420 530 518 584 Apidani,
538 530 559 570 in
580 541 639 581 quern
654 527 720 568 influit
734 528 824 582 Enipeus

80 614 107 639 ex
123 598 200 653 Othrya
223 602 289 649 ortus,
312 600 426 640 nominibus
446 599 563 639 Thessaliae
583 598 644 638 situm
667 598 722 638 reete
748 597 826 637 definiri

80 668 130 708 satis
152 667 270 719 constat43)
305 666 334 709 Ut
359 681 404 709 cum
425 668 530 722 Propertio
556 667 605 707 satis
629 667 728 719 congruat
748 665 825 705 Lucani

80 738 136 777 loeus
151 738 167 778 l.
184 739 236 779 674:
255 737 336 790 „qualis
349 739 428 778 uertice
442 737 519 778 Pindi
532 736 629 777 Edonis
641 734 723 789 Ogygio
738 735 826 775 decurrit

80 806 141 859 plena
159 805 246 860 Lyaeo“
268 807 311 848 siue
332 804 423 847 Odonis
443 807 503 847 scribi
521 806 586 847 maris
601 805 663 845 Drah.
679 803 760 845 Silili.
777 806 825 844 778.

80 889 99 928 p.
116 877 190 915 aare.
224 875 312 916 lleinelr.
336 875 413 917 Vindio.
436 876 500 916 Strab.
519 890 537 929 p.
555 878 580 916 91
597 875 627 915 cll.
646 877 694 914 241.
727 873 760 914 Ne
779 874 824 925 quis

82 946 150 985 autem
164 945 229 985 acrius
244 945 281 986 hoc
296 947 375 999 pugnet
387 959 459 986 venun
475 958 531 996 esse,
548 944 601 998 quod
614 945 696 997 praeter
711 943 761 983 alios
777 943 825 982 dicit

11 1061 15 1065 p
80 1013 191 1055 Scholiasta
218 1015 296 1055 Lucani
313 1017 364 1056 674.
387 1017 434 1056 675.
459 1029 479 1068 p.
498 1015 549 1055 105:
578 1013 686 1065 „Pindil
709 1025 767 1052 mons
793 1014 825 1051 est

79 1083 225 1124 Thraciae“
240 1084 327 1137 (de'qua
341 1097 364 1125 re
378 1085 430 1125 inira
445 1083 586 1138 explicabitur)
602 1085 623 1122 et
636 1082 736 1122 interesse
750 1082 824 1134 ahquid

78 1153 132 1192 inter
147 1153 245 1206 Propertii
262 1154 329 1193 locum
344 1156 365 1194 et
384 1153 443 1194 Statii
457 1153 507 1194 XH.
523 1155 575 1193 224:
592 1152 672 1203 „Nocte
687 1152 744 1192 uelut
759 1150 823 1205 Phry-

79 1221 113 1272 gia
138 1234 183 1266 cum
207 1222 316 1263 lamentata
340 1223 441 1263 resultant
464 1222 604 1274 Dindyma
632 1221 720 1274 pinigeri
745 1221 823 1274 rapitur

80 1289 223 1331 Simoentis
245 1292 271 1331 ad
290 1304 369 1332 amnem
388 1292 436 1332 Dim
456 1304 533 1332 resana
547 1291 628 1331 chorin
650 1289 762 1329 Edonidem
777 1302 823 1329 eum

80 1360 170 1400 omnibns
189 1360 246 1400 licuit
267 1361 561 1415 concitatissimamouamqne
580 1360 680 1401 Bacchum
701 1360 766 1399 dicere
780 1361 823 1399 tum

79 1429 161 1469 Lucano
184 1432 205 1469 et
222 1430 327 1483 Propertio
350 1431 371 1470 in
394 1431 437 1471 eius
461 1430 550 1482 regionis
568 1431 670 1469 mentione
688 1430 822 1479 versantibus,

78 1499 100 1537 in
114 1504 176 1550 quam
190 1511 216 1538 ex
231 1498 317 1539 Thracia
331 1512 389 1539 saera
403 1500 500 1539 Bacchica
515 1499 582 1539 delata
595 1511 642 1538 esse
656 1499 735 1538 fabulae
751 1498 824 1537 docent

79 1568 110 1618 (ei.
126 1566 177 1606 Siai.
193 1567 253 1607 Theb.
264 1567 300 1607 IV.
313 1570 354 1608 654
370 1570 413 1621 sup).
444 1568 505 1614 Quod
519 1569 552 1621 qui
566 1568 702 1621 reprehendit,
717 1568 771 1607 dicat
783 1568 823 1606 iam

77 1635 187 1685 „ueritatis
215 1637 282 1689 specie
302 1637 397 1677 fefellisse
405 1639 416 1658 “
436 1637 497 1677 etiam
517 1636 626 1689 Virgilium
648 1636 699 1676 Aen.
712 1635 750 1675 Xl,
769 1638 821 1676 659:

127 1772 155 1815 42)
168 1771 194 1803 De
205 1771 268 1814 Eurip.
281 1773 341 1805 Bacch.
354 1772 399 1805 Hah.
410 1771 458 1804 Scen.
474 1781 510 1813 cap,
519 1770 541 1804 X.
553 1783 571 1814 p.
580 1775 612 1804 119
625 1781 649 1813 sq.
673 1771 711 1807 Ouo
728 1772 766 1804 loeo
777 1772 823 1805 idem

79 1821 137 1861 omisit
149 1829 270 1862 Caucasum
282 1829 361 1862 Wernsd.
373 1829 420 1862 Him.
434 1830 462 1862 Or.
470 1828 520 1862 xm.
530 1833 545 1861 i.
557 1839 574 1871 pv
583 1832 622 1862 596.
646 1829 770 1862 Teumesnm
779 1830 821 1862 Stat.

79 1885 131 1918 Theb.
141 1886 160 1919 V,
171 1889 197 1919 92.
221 1886 349 1929 Pangaeum
361 1887 430 1920 SilIV.
445 1890 483 1920 7i8.
504 1886 645 1919 Sauconnam
665 1887 750 1919 Ismara
764 1888 821 1920 Sidon.

78 1943 136 1986 Apoll.
148 1943 202 1976 Oarm.
211 1944 231 1978 V.
244 1948 277 1978 496
291 1955 315 1987 sq.
320 1951 327 1956 “’
345 1945 386 1977 Stat.
402 1944 454 1977 Theb.
467 1943 506 1978 VH.
518 1947 561 1986 685,
576 1954 625 1986 quem
640 1944 696 1977 locum
707 1946 822 1987 praetermisit

78 2001 174 2033 Lobeekius
187 2002 271 2044 Aglaoph.
283 2013 300 2044 p.
310 2005 348 2035 aab.
362 2005 404 2044 295,
418 2004 434 2034 et
444 2001 475 2035 IV.
488 2005 521 2035 385
535 2005 552 2033 et
563 2001 601 2035 Vel.
611 2001 666 2035 Sahal.
674 2003 734 2037 Barth,
745 2014 762 2045 p.
771 2006 822 2036 1949.

80 2058 128 2091 Ovio.
140 2058 181 2091 Met.
191 2058 223 2091 IX.
236 2062 274 2092 941.
299 2058 333 2091 Oir.
347 2062 379 2092 165
392 2069 411 2091 ae
423 2058 546 2101 Rhodopen
559 2060 627 2091 eterra
640 2059 766 2102 Strymonis
777 2060 820 2093 Hor.

79 2115 133 2147 Oarm.
146 2114 178 2147 HI.
191 2119 224 2156 25,
243 2119 269 2148 12.
297 2115 355 2149 Sidon.
367 2116 378 2148 l.
388 2116 403 2148 d.
422 2116 442 2150 cf.
462 2115 510 2149 Ouid.
524 2116 565 2148 hlei.
578 2115 609 2148 XI.
620 2120 636 2148 3.
659 2117 718 2149 Barth.
735 2117 776 2150 Stat.
789 2117 819 2151 IV.

80 2175 118 2206 379.
131 2183 148 2214 p.
158 2175 208 2206 1047.
234 2172 303 2206 Schrad.
316 2173 364 2205 Obss.
377 2173 391 2206 Ι.
404 2177 419 2206 4.
431 2185 449 2216 p.
458 2177 486 2207 49,
509 2173 614 2206 Haemum
626 2174 668 2209 scat,
681 2174 733 2207 Theb.
741 2174 771 2207 IV.
782 2179 821 2208 654.

126 2230 155 2272 43)
170 2229 239 2263 Constat
251 2230 318 2263 iduum
331 2230 398 2263 aliunde
411 2230 475 2274 (Obori.
488 2230 525 2264 Vib.
537 2231 575 2274 seq.
593 2242 609 2273 p.
624 2234 663 2264 353.
672 2234 705 2264 359
719 2235 735 2264 et
744 2235 781 2265 199,
792 2233 821 2276 73)

78 2289 114 2319 tum
127 2297 147 2319 ex
159 2286 232 2320 Senecae
243 2287 296 2321 Herc.
310 2287 346 2321 Oet.
359 2298 409 2321 uersu
421 2282 464 2322 492¹:
479 2289 560 2331 „Nessus
574 2307 596 2312 ὴ
609 2298 657 2331 quem
665 2288 736 2330 gravida
743 2290 820 2331 Nephele

78 2344 190 2389 Thessalo
202 2346 261 2387 genuit
274 2345 321 2387 duci,
334 2345 372 2382 Oua
385 2346 440 2378 celsus
454 2347 504 2379 astris
516 2346 576 2379 inserit
584 2345 667 2393 Pindus
679 2346 820 2391 eaputUltraque

78 2401 130 2434 nubes
148 2402 229 2445 Othrys
246 2403 314 2435 eductus
331 2403 391 2445 riget“
408 2403 528 2447 Claudiamque
545 2406 565 2435 B.
580 2404 617 2436 Oret⁴
636 2406 678 2436 177:
692 2401 724 2436 'Nil
736 2404 821 2448 Rhodope

80 2476 101 2481 —
114 2458 139 2490 nil
151 2459 216 2499 profuit
228 2460 303 2493 Haemus
317 2460 398 2503 Odrysiis.
411 2480 433 2485 —
446 2461 517 2494 Macedo
526 2462 597 2494 miratur
605 2460 694 2504 Olympum
703 2461 751 2495 More
763 2474 820 2506 percr-

79 2517 134 2548 ratum
145 2516 210 2557 campi:
228 2518 280 2558 gemit
292 2517 341 2550 irrita
354 2517 416 2561 Tempe
429 2519 553 2552 Thessalus
570 2521 586 2550 et
599 2536 622 2542 —-
635 2517 687 2549 Oeten
698 2518 821 2563 Sperchiusque

80 2574 96 2605 et
108 2572 202 2614 virginibus
223 2572 295 2606 dilectus
315 2575 417 2617 Enipeus
437 2576 536 2609 Barbaricas
558 2576 613 2609 lavere
631 2584 696 2618 comas;
717 2587 752 2609 non
767 2578 820 2610 obiice

78 2629 146 2663 Pindi
159 2629 225 2663 Servati
237 2629 328 2673 Dryopes“
342 2633 359 2663 et
371 2632 459 2674 Apollonii
471 2633 526 2666 Rhorl.
535 2632 558 2665 H.
571 2636 613 2665 514:
631 2629 672 2665 doo'
687 2633 819 2680 {beccanellu-

78 2687 146 2721 nebron
164 2689 225 2729 Φθίης
240 2685 368 2734 {accipitrario
390 2687 441 2734 ἀμφί
457 2689 471 2723 τ’
489 2688 569 2737 ἐρυμνὴν
582 2687 670 2736 Ὄθρυν
687 2693 718 2723 καὶ
734 2693 820 2738 ποταμοῦ

78 2743 129 2792 ἱερὸν
142 2742 188 2790 ῥόον
198 2742 346 2779 Ἀπιδανοῖο.
