1780 2936
372 100 428 143 Caput
439 100 471 134 IX.
761 89 801 132 ‘195

60 218 78 258 p.
92 206 153 245 1594.
164 204 186 245 Β.
216 204 318 258 Utrosque
339 206 381 246 falli
400 206 473 246 dooent
490 204 536 244 libri
556 203 699 257 Monacenses,
719 205 740 245 in
754 219 803 259 quo-

60 286 105 313 rum
120 275 182 315 altero
199 274 232 327 (B)
248 274 333 327 legitur:
354 272 424 325 „Oeta
438 298 466 302 —
481 273 502 313 in
517 286 557 325 qua
572 274 650 314 etiam
664 277 804 315 oonorematus

59 341 159 383 Heroules
180 357 203 384 eo
218 344 273 395 looi,
293 343 325 382 oui
342 342 464 396 Tiprestion
482 354 556 382 nomen
571 344 624 392 esu,
642 343 664 383 in
678 344 742 383 altero
758 344 804 395 (A):

60 411 197 465 tripestion.
213 411 466 464 oorreot.tip1·estion.“
496 410 557 456 Quod
574 412 726 466 Τοφρηστῷ
744 425 801 453 esse:

264 480 296 520 oui
313 478 462 534 Τνφρηοτῴ
477 491 550 518 nomen
565 480 598 518 est

59 549 187 601 perspicuum
206 549 282 588 sapiunt
302 546 417 600 Stephanus
436 546 580 599 Byzantius'p.
593 549 645 596 643,
659 549 696 587 22:
716 550 802 605 Τνφρη-

60 610 121 665 στός
141 613 206 665 πόλις
225 616 263 671 τῆς
283 615 385 668 Τραχῖνος
406 609 555 667 ὀνομασθεῖσα
573 606 618 655 &ab
639 614 685 670 τῆς
700 611 804 671 τέφρας

44 681 221 738 ’Ἡρακλέους
236 687 257 724 et
271 683 434 736 Etymologieum
449 682 547 736 Magnum
562 696 581 736 p.
593 685 645 733 772,
661 685 699 723 28:
719 686 804 740 Τνφρη-

61 747 123 802 οτός·
143 747 208 802 πόλις
226 749 285 793 ἐστὶν
305 748 327 792 ἓν
348 752 395 801 τοῖς
415 747 514 804 ἐσχάτοις
530 752 568 807 τῆς
581 747 742 803 Μαιναλίαςῧῆ
757 748 803 794 ολιτὸ

62 820 192 877 Τοφρρστοῧ4
212 816 318 874 βασιλέως
340 816 354 876 ἢ
377 817 534 876 τεφρηστός
556 834 591 869 τις
612 813 668 864 οὖσα
689 815 735 862 aaa
755 824 804 877 τῆς

57 884 205 944 Ἡρακλέος
222 886 333 945 τέφρας.
365 888 399 929 Ex
416 890 487 941 quibus
507 890 557 930 loeis
577 890 618 929 iam
637 902 650 929 a
663 889 762 930 Muellero
781 891 803 930 in

61 957 128 998 metz.
148 959 196 1011 Lyo.
216 960 264 997 420.
282 971 300 1011 p.
317 959 365 997 592.
384 959 448 997 not7
466 957 580 1010 compositis
599 957 632 1010 qui
651 959 673 997 et
686 957 803 998 Taetzen

59 1025 81 1066 in
95 1026 144 1079 Lyo.
159 1026 172 1065 l.
183 1025 211 1065 d.:
236 1021 362 1081 Τοφρηστὸς
377 1022 443 1073 πόλις
457 1022 495 1065 καὶ
511 1021 561 1080 ὅρος
577 1025 681 1079 Τραχῖνος
696 1020 743 1067 ἀπὸ
759 1028 803 1066 Tv-

16 1107 17 1110 ’
60 1093 156 1149 φρηστοῦ
173 1107 233 1142 τινος
250 1088 384 1148 βασιλέιοςῆ
401 1089 563 1148 Τέφραντος
576 1088 623 1133 οἱοῦ
633 1087 751 1147 Ἡρακλέος
765 1095 804 1135 hoo

61 1162 166 1215 scripsisse
180 1161 294 1214 suspicatus
310 1163 353 1200 est:
371 1156 385 1216 ἢ
399 1158 502 1216 τέφρας
515 1163 563 1215 τῆς
577 1161 616 1201 τοῦ
626 1156 745 1215 Ἡρακλέος
755 1165 802 1215 (quo

61 1244 100 1283 ego
119 1230 236 1269 orediderim
254 1229 395 1283 praestabilius
416 1242 462 1268 esse
480 1225 689 1284 τεφρωθέντος)
710 1233 731 1270 et
744 1232 802 1284 „Ty-

60 1300 165 1353 phrestum
184 1299 284 1347 montem,
303 1298 325 1336 in
337 1310 375 1349 qno
391 1297 471 1337 condita
486 1303 530 1337 erat
542 1298 591 1336 urbs
607 1297 744 1350 Typhrestus,
762 1312 803 1339 non

61 1367 165 1406 diversum
183 1365 246 1405 fuisse
265 1379 278 1406 a
291 1365 379 1417 Phrygio
400 1365 461 1415 oolle,
478 1366 499 1404 in
520 1378 559 1418 quo
572 1364 672 1404 Hercules
686 1368 803 1407 oombustus
858 1385 860 1387 ¹

61 1448 106 1475 esse
116 1435 236 1474 ferebatur“
251 1434 333 1485 collegit
342 1433 457 1473 Meinehius
471 1434 493 1473 in
502 1433 595 1473 Parthen.
610 1434 633 1473 fr.
644 1432 710 1474 XLV.
724 1449 743 1488 p.
755 1438 803 1488 290,

60 1516 98 1543 neo
113 1502 218 1542 Lactantio
234 1501 321 1541 intendit
337 1503 358 1541 et
372 1514 416 1540 rem
431 1502 457 1541 ad
469 1501 561 1541 notitiam
570 1501 658 1541 maxime
668 1503 803 1554 pertinentem

60 1570 93 1610 hio
107 1569 220 1622 praeteriit,
234 1569 317 1613 brevius
332 1569 401 1620 attigit
411 1568 432 1608 in
442 1567 518 1609 Gallim.
533 1570 545 1609 l.
553 1568 572 1608 d.
598 1568 656 1609 Haeo
664 1570 718 1609 enim
728 1584 802 1612 memo.

60 1639 102 1679 riae
122 1637 210 1690 prodidit
227 1637 379 1677 Arrhiauus
400 1649 431 1690 ap.
451 1637 521 1677 loann.
536 1636 590 1677 Stob.
602 1637 671 1678 Floril.
684 1639 802 1693 Appenle

1 1713 3 1722 ³
60 1706 99 1746 Me.
112 1706 166 1745 Flor.
181 1719 200 1757 p.
212 1708 254 1746 380
270 1707 296 1758 (p.
309 1706 389 1755 8‚27):
409 1700 463 1744 ἀλλὰ
478 1699 591 1760 τῆςΟλτφς
605 1718 629 1757 γε
645 1702 684 1746 ἐπὶ
698 1707 725 1763 τῇ
735 1700 804 1763 ἄκρω-

1 1812 2 1815 ,
61 1769 109 1829 ρείρι
124 1768 235 1823 θύεσθαι,
255 1769 295 1814 ὅσα
311 1768 353 1813 ἔτι
367 1766 458 1826 λόγος,
468 1772 495 1822 90)
510 1769 547 1813 καὶ
564 1767 664 1827 Ἡρακλεῖ
683 1771 721 1814 καὶ
738 1774 805 1816 Φιλο-

108 1940 137 1983 89)
149 1940 244 1973 Meinehius
256 1938 306 1972 Anal.
318 1938 366 1970 Alex.
379 1948 397 1979 p.
407 1941 450 1971 290:
468 1938 519 1980 „Pro
533 1938 643 1975 Μαιναλίας
656 1939 747 1980 legendum
759 1941 804 1975 dioe-

60 2007 96 2029 rem
108 1997 216 2036 Μαλαιίας,
232 1996 265 2027 nisi
277 1997 354 2036 suspecta
365 1995 408 2027 haeo
418 1994 473 2026 forma
484 1996 529 2027 esset
542 2014 563 2020 —
576 1994 633 2036 itaque
644 1998 721 2036 praestat
731 1996 804 2031 fortasse

64 2053 163 2090 Θετταλίας
177 2052 267 2084 sorihere“
280 2050 301 2083 oi.
312 2050 346 2082 Dio
361 2050 420 2094 Chrys.
429 2050 461 2083 IX.
472 2061 490 2092 p.
500 2054 544 2092 289,
556 2053 578 2083 47
594 2051 710 2088 Θεσσαλίας.
733 2053 804 2090 Mearm,

61 2108 185 2155 praefultae.
206 2107 251 2140 Geel.
284 2108 415 2143 Μασσαλίας.
443 2107 498 2139 Nobis
520 2106 587 2149 quidem
606 2108 729 2141 restituendum
749 2110 804 2143 videri

61 2166 186 2211 Αἱμονίας
200 2173 252 2205 supra
263 2162 311 2196 VIII.
324 2166 334 2195 2
354 2163 495 2204 signifieavimus5
513 2162 591 2195 similiter
603 2163 649 2195 enim
661 2166 677 2196 et
690 2165 736 2207 apud
747 2167 804 2206 Albri-

61 2233 100 2256 eum
110 2220 179 2255 xxii:
199 2220 271 2263 „Lerna
286 2238 308 2242 -
324 2218 372 2251 lacus
389 2219 422 2252 fuit
436 2220 572 2259 Aemoniae“
588 2229 649 2252 nomen
665 2220 803 2257 Haemoniae

61 2279 120 2311 noonit
130 2276 256 2310 Maenaliae
273 2277 290 2309 et
302 2276 348 2317 apud
359 2275 451 2317 Iosephum
463 2276 495 2309 Iso.
504 2276 535 2310 Vi.
548 2279 581 2309 887
588 2299 592 2315 ,
604 2278 623 2308 ut
636 2276 739 2311 obtinuimus
751 2280 804 2313 Theb.

61 2334 121 2368 Parad.
134 2344 151 2376 p.
160 2337 191 2375 85,
203 2332 322 2365 Maeoniae
333 2341 374 2373 opes
386 2332 405 2364 in
416 2332 544 2365 Maenalias
555 2334 647 2364 verterunt.

107 2391 136 2433 90)
148 2390 200 2422 Mein.
212 2390 231 2422 in
243 2390 308 2422 Gallim
320 2389 331 2422 l.
340 2389 355 2421 d.
368 2389 467 2431 legendnm,
479 2390 543 2433 inquit,
556 2387 609 2422 ἐστὶ
622 2387 705 2435 νόμος.
728 2392 806 2429 Quocum

61 2448 94 2480 hoo
105 2447 161 2479 differt
172 2438 250 2478 nostrum
260 2446 351 2486 iudicium,
364 2448 383 2477 ut
395 2446 510 2487 praeferamus
523 2446 573 2490 ἔχει
585 2443 639 2489 λόγος
647 2445 675 2488 (of.
683 2447 735 2481 Theb.
743 2451 806 2485 Parad.

61 2514 78 2546 p.
86 2503 133 2545 456).
157 2502 206 2538 Quod
222 2504 239 2533 et
254 2502 273 2533 in
287 2502 325 2533 aliis
342 2501 384 2533 loeis
402 2502 465 2545 legitur
480 2503 534 2546 (Bast.
549 2502 582 2543 Ep.
595 2501 636 2534 Oria
649 2513 666 2543 p.
678 2506 711 2537 239
724 2506 746 2539 of.
758 2508 803 2544 δὶα),

61 2559 112 2593 Paua.
124 2558 163 2592 Vol.
171 2557 192 2590 V.
205 2568 223 2599 p.
232 2560 271 2591 231.
294 2557 357 2589 Baehr.
369 2557 415 2590 Plut.
429 2559 490 2601 Pyrrh.
502 2563 528 2591 18.
540 2561 607 2601 p.198.
630 2557 677 2590 Him.
687 2559 715 2593 Or.
723 2562 782 2597 XXII,
794 2570 804 2599 5

62 2616 83 2650 ol.
96 2613 196 2648 Wernshl.
206 2617 232 2646 11.
246 2624 263 2655 p.
272 2612 313 2655 342)
331 2616 347 2645 et
364 2615 409 2655 apud
421 2615 510 2658 Synesium
521 2615 572 2647 Dion.
584 2617 601 2656 p‘.
610 2615 662 2647 43A:
673 2615 706 2651 τὸν
718 2616 803 2662 Ἀπόλλω

19 2677 21 2680 ’
61 2670 134 2716 λόγος
155 2670 203 2715 ἔχει
225 2671 259 2702 νῦν
279 2668 316 2715 μὲν
333 2672 374 2706 ταῖς
390 2668 478 2709 Μούσαις
496 2669 584 2715 συνᾴδειν
601 2672 618 2703 et
635 2671 740 2707 Athenaeum
752 2676 802 2714 XIII.

61 2739 80 2771 p.
93 2724 133 2762 592.
143 2729 169 2770 Ε,
187 2726 286 2769 quibuscum
299 2725 359 2758 leuiter
377 2726 463 2770 discrepat
479 2728 590 2771 Pachymeres
608 2727 629 2760 de
640 2729 715 2763 Andron.
728 2732 804 2774 PaiVl,

616 2785 666 2844 13²?
