1780 2936
378 143 434 187 Caput
446 143 470 176 Π.
765 127 791 163 41

54 269 74 298 v.
82 256 132 295 120:
143 252 235 304 „Taurus
245 251 325 291 medio
334 262 381 290 nam
390 249 476 288 sidere
485 247 573 288 Lunae
583 246 704 299 Progenitus
710 244 795 285 Dictaea

55 325 110 365 lovis
120 322 239 377 possederat
249 322 315 370 arra“‚
324 320 354 359 ita
363 319 473 359 absurdum
484 320 516 357 est
527 330 587 369 quam
597 318 648 370 quod
655 316 743 356 maxime
750 326 796 353 oum

55 394 80 433 iis
90 394 162 447 poetis,
177 393 211 444 qui
224 393 325 431 leonem
339 389 498 429 Nemeaeum
513 387 539 427 de
554 387 656 426 lunaribus
666 386 718 438 polis
729 385 796 424 ortum

57 475 103 502 esse
119 461 269 515 praedicarunt,
290 460 333 498 eius
348 458 461 510 scriptoris,
485 457 518 509 qui
536 456 562 495 de
581 457 655 495 tauro
673 453 796 495 Cretensi

57 532 168 584 (Monolrer.
183 531 203 570 in
212 528 328 582 Hygin‘30.
342 529 402 580 1186.
412 528 452 566 not.
461 526 482 577 1)
492 525 558 565 medio
567 525 638 586 Lunae
648 524 713 564 sidere
723 536 796 577 proge-

57 602 99 641 nito
114 599 221 640 memoriae
235 597 327 650 prodidit,
341 608 413 635 nomen
428 608 547 648 componere
559 595 597 634 hoc
611 594 756 633 sententiarum
766 605 797 631 or-

58 671 113 710 dine:
126 670 191 719 „hac
206 666 272 707 omnia
281 678 364 717 corpora
375 664 451 704 maiora
462 665 589 716 gignuntur.
610 663 703 703 Poetae
712 661 798 713 denique

59 751 146 779 omnes
157 736 251 777 asserunt
261 735 340 774 leonem
351 734 376 773 de
386 733 417 772 his
427 733 478 785 polis
489 735 560 783 ortum
569 736 592 773 ut
603 732 680 772 etiam
691 730 798 784 Olympius

59 808 105 847 aar
118 806 139 847 N
140 819 162 845 ec
169 805 191 844 id
200 804 247 844 fecit
255 803 378 843 Lactantius.
393 802 445 842 Nam
455 803 489 841 vel
498 815 540 842 vox
549 801 607 841 deni
613 815 659 854 que
670 800 799 854 perspicuum

59 876 107 917 facit
114 876 143 915 illi
152 874 270 922 sententiae,
281 885 331 925 qnae
340 871 361 911 in
369 872 417 910 luna
426 871 492 911 omnia
501 871 577 910 maiora
585 871 641 910 nasci
651 872 726 919 censet,
741 869 800 908 omis-

61 946 89 985 sis
105 945 150 984 aliis
164 941 284 984 testimoniis
298 941 438 981 auctoritatem
455 943 476 980 et
491 941 550 980 fidem
562 940 650 981 additam
663 953 708 979 esse
725 939 800 991 signifi-

61 1014 140 1055 catione
157 1012 200 1052 eius
217 1011 306 1062 fabulae,
328 1010 427 1062 quamde
444 1008 528 1049 Cretaeo
543 1012 601 1049 tauro
620 1008 726 1062 Olympius
740 1012 801 1061 poeta

60 1082 136 1132 retulit,
150 1081 196 1121 huic
212 1080 308 1120 mentioni
323 1081 391 1119 autern
405 1079 533 1119 subiunctum
542 1092 615 1118 nomen
625 1079 722 1120 Nemeaei
731 1078 802 1128 leonis,

62 1165 122 1205 quem
136 1152 161 1191 de
170 1150 275 1189 lunaribus
285 1149 336 1202 polis
346 1150 413 1188 ortum
422 1161 468 1187 esse
478 1161 547 1187 omnes
560 1150 633 1201 poetae
646 1148 801 1187 consenserunt:

91 1222 129 1261 hac
144 1219 209 1260 omnia
225 1231 308 1271 corpora
320 1218 417 1257 maiora
431 1217 575 1269 gignuntur,
590 1220 660 1270 utpote
676 1230 727 1270 qnae
737 1216 803 1256 vicina

91 1284 151 1329 sunt
170 1288 235 1337 coelo,
253 1288 276 1326 ut
291 1285 352 1325 etiam
366 1285 472 1338 Olympius
487 1287 524 1334 ait;
543 1289 616 1338 poetae
632 1286 717 1338 denique
734 1299 803 1325 omnes

93 1357 188 1397 asserunt
197 1356 276 1395 leonem
286 1355 311 1394 de
321 1354 352 1394 liis
362 1354 414 1407 polis
425 1356 496 1405 ortum,
510 1368 569 1408 quem
578 1354 677 1395 Hercules
688 1355 803 1408 prostravit.

65 1426 126 1473 arod
143 1438 183 1465 non
200 1424 305 1477 perspexit
318 1423 471 1463 Wernsdorfius
490 1425 582 1476 argutius
597 1437 657 1476 quam
671 1425 740 1463 verius
754 1425 805 1464 haec

64 1495 217 1547 argumentatus
231 1492 295 1532 Poett.
311 1491 355 1531 Lat.
369 1491 417 1531 min.
439 1492 460 1532 Τ.
469 1491 485 1531 I.
500 1507 518 1546 p.
528 1495 580 1532 276:
599 1493 710 1542 „ridebam
719 1493 805 1533 Lactan-

65 1565 116 1604 tinm
131 1564 211 1615 quidem
226 1563 251 1602 de
265 1560 330 1600 leonis
343 1561 440 1602 Nemeaei
456 1563 501 1601 ortu
515 1574 541 1600 ex
550 1562 609 1601 Luna
624 1575 749 1602 communem
758 1575 806 1614 poe-

65 1634 132 1673 tarum
153 1631 273 1671 sententiam
289 1628 371 1679 afferre,
386 1629 418 1668 his
433 1631 501 1670 autem
515 1630 544 1670 ita
559 1631 669 1682 adiungere
684 1629 806 1683 Olympium,

65 1703 90 1740 ut
110 1713 156 1739 eum
176 1700 247 1738 similia
263 1700 341 1738 tantum
357 1698 438 1748 ceteris,
460 1712 580 1750 quamquam
594 1712 634 1739 non
649 1701 674 1739 de
689 1701 733 1753 ipso
747 1700 807 1739 leone

66 1770 133 1809 dicere
156 1768 231 1808 innuat.
264 1766 343 1819 Nempe
366 1780 427 1820 quum
446 1765 562 1820 Olympium
581 1781 630 1821 prae
650 1770 723 1808 ceteris
742 1769 808 1821 poetis

67 1838 166 1887 nominat,
183 1837 238 1876 haud
256 1836 340 1876 obscure
355 1849 401 1874 eum
416 1837 497 1888 poetam
513 1837 627 1888 significare
641 1838 715 1887 voluit,
735 1838 769 1889 qui
783 1838 809 1876 de

67 1907 169 1946 laboribus
187 1904 282 1945 Herculis
302 1905 410 1958 praecipue
431 1905 507 1957 egerit,
527 1906 561 1945 ubi
581 1906 661 1959 quidem
679 1907 729 1945 nihil
747 1907 809 1945 refert

67 1976 147 2015 idemne
167 1977 191 2014 ut
206 1963 268 2014 ceteri
281 1974 370 2023 leonem,
390 1986 416 2013 an
427 1973 481 2013 aliud
495 1977 608 2014 monstrum
622 1976 646 2015 ab
661 1974 750 2015 Hercule
764 1989 810 2029 pro-

69 2045 156 2084 stratum
173 2043 247 2082 dixerit
266 2056 278 2081 e
298 2042 357 2082 Luna
371 2043 455 2082 ortum.“
486 2043 551 2089 Quasi
565 2057 614 2083 vero
629 2044 713 2084 rationis
728 2044 755 2083 sit
770 2047 810 2084 sta-

69 2115 127 2153 tuere
142 2125 188 2152 eum
201 2111 358 2163 grammaticum,
373 2111 407 2163 qui
417 2123 468 2164 quae
482 2126 518 2152 me
526 2112 568 2152 dia
581 2112 653 2152 Luna
662 2116 722 2162 esset,
738 2113 811 2152 doctis-
838 2137 840 2140 -

70 2182 120 2222 sime
131 2180 300 2232 subtilissimeque
310 2180 431 2230 enuclearet,
443 2178 489 2233 plus
500 2181 554 2221 iusto
566 2182 590 2220 ab
600 2182 692 2221 instituto
701 2182 812 2221 declinasse

71 2252 92 2291 et
104 2250 170 2290 subito
185 2249 302 2288 diverticulo
318 2249 344 2287 ad
359 2249 525 2301 perstringendos
535 2249 629 2290 Herculis
644 2252 723 2291 labores
732 2251 813 2303 lapsum

70 2333 113 2359 rem
137 2319 163 2358 ad
185 2317 276 2357 notitiam
300 2331 372 2370 parum
393 2319 528 2370 pertinentem
548 2319 646 2360 intulisse.
683 2319 814 2372 Quantopere

71 2390 140 2428 autem
148 2388 203 2427 illam
211 2387 406 2438 argumentationem
414 2388 561 2440 reprobandam
571 2388 698 2439 affirmamus7
707 2391 815 2442 tantopere

71 2456 177 2495 laudamus
198 2458 313 2509 reparatum
329 2457 353 2495 ab
370 2456 441 2495 eodem
455 2456 594 2497 Wernsdorfio
611 2456 725 2511 Olympii
742 2471 816 2498 nomen

73 2525 134 2577 (quod
150 2524 194 2563 aliis
209 2525 270 2564 etiam
284 2525 306 2564 in
319 2525 368 2565 locis
383 2525 405 2564 in
420 2525 542 2579 Olympum
555 2527 617 2566 vertit
629 2526 763 2567 11111111111111
771 2528 816 2581 111-

74 2595 113 2647 gin.
123 2595 171 2633 225.
185 2606 204 2645 p.
216 2596 263 2633 346.
284 2594 371 2634 Theban.
380 2594 479 2635 Paradox.
494 2610 513 2648 p.
524 2599 565 2635 396
577 2596 620 2647 sq.).
644 2596 755 2650 Postquam
764 2598 817 2636 enim

74 2666 100 2705 de
119 2665 162 2704 toto
176 2662 278 2702 Lactantii
295 2663 339 2703 loco
362 2676 422 2715 quam
441 2665 547 2704 verissime
566 2665 719 2716 expedivimus,
738 2667 818 2705 sublata

75 2747 99 2774 ea
112 2732 240 2781 dubitatione,
255 2744 295 2783 qua
304 2728 405 2772 ducuntur
418 2732 563 2785 Bernhardyus
572 2733 625 2774 Hist.
635 2734 693 2774 Rom.
701 2735 749 2775 Litt.
761 2735 777 2786 ξ.
786 2737 818 2774 91.

74 2817 94 2856 p.
104 2803 152 2842 535.
171 2802 264 2842 1111425
286 2803 307 2841 et
328 2800 453 2856 Schottkyus
473 2803 498 2842 de
512 2802 604 2844 Lactant.
621 2807 688 2858 1122,
707 2817 745 2857 pro
764 2808 818 2844 certo
