1780 2885
93 72 122 110 40
421 84 476 125 Caput
487 83 512 116 II.

94 185 217 240 suffragatur
237 189 305 241 glossa
324 188 369 228 illa:
391 187 495 240 „mediam
514 188 593 229 Lunam
618 190 665 229 dicit
686 191 776 231 indicans
796 204 836 230 non

94 268 140 296 esse
155 270 228 309 purum
242 257 308 307 sidus,
328 258 365 297 sed
379 259 457 311 partem
475 258 615 310 pertinere
627 259 659 298 ad
673 258 802 299 inferiora
816 262 837 299 et

94 326 209 378 compati
226 328 305 367 rebus
324 326 521 366 terrestribusf‘
551 326 618 373 Quam
636 327 725 379 glossam
739 342 778 380 quo
793 329 837 368 loeo

95 394 186 433 enotavit
200 394 296 435 Barthius
313 409 353 435 non
371 396 494 435 incommode
511 396 536 435 de
550 390 663 450 διχοτομίᾳ
677 396 737 435 11110
753 410 837 436 comme-

95 463 182 502 morarit
201 476 219 516 p.
231 467 278 505 281.
308 464 352 504 Nec
367 464 461 516 subiungi
480 477 521 504 101
539 466 695 505 consentaneum
714 464 837 505 0011110010-

96 531 249 584 1111111111.
264 547 283 586 p.
296 536 332 572 69:
348 535 386 583 „et
400 533 544 573 immutabilem
555 534 636 587 quidem
650 534 719 573 mundi
732 535 811 587 partem
826 546 838 573 a

96 600 192 652 sphaera,
212 614 262 654 quae
280 593 377 656 ἀπλανὴς
396 602 478 651 dicitnr,
500 616 564 655 nsque
579 604 605 642 ad
619 603 673 655 globi
688 603 765 642 lunaris
781 615 837 642 excr-

97 667 161 720 dium,
176 671 292 710 mutabilem
306 683 354 710 uero
369 683 381 710 a
395 671 443 710 luna
457 671 483 710 ad
496 672 562 711 terras
577 684 641 724 usque
655 671 749 711 dixerunt
768 674 789 711 01
807 671 838 710 ui-

96 748 146 775 rere
160 738 270 789 animas,
285 738 333 778 dum
344 739 365 778 in
375 739 492 779 immutabili
504 742 562 792 parte
573 741 691 790 consistunt,
705 740 755 780 mori
765 742 838 791 autem,

97 817 142 844 cum
159 807 184 845 ad
200 809 279 859 partem
294 808 409 848 ceciderunt
424 809 578 861 permutationis
593 822 686 862 capacem
696 809 844 862 —ipsamque

96 874 165 913 lunam
183 876 237 916 ritae
257 890 302 916 esse
321 877 432 930 mortisque
451 877 593 917 confinium'et
611 879 687 917 animas
702 878 749 917 inde
763 878 784 916 in
798 880 839 917 ter-

96 956 140 983 ram
158 944 244 985 fluentes
263 946 323 996 mori,
343 946 390 985 iude
411 946 436 985 ad
453 959 527 999 supera
541 949 632 986 meantes
647 946 668 985 in
683 946 745 985 uitam
757 945 839 995 reuerti,

96 1012 257 1065 necimmerito,
272 1014 409 1054 existimatum
428 1016 468 1063 est,
488 1015 572 1054 aLuna
592 1015 647 1054 enim
659 1015 751 1054 deorsum
765 1016 839 1054 natura

96 1081 167 1134 incipit
191 1084 327 1123 caducorum“
352 1084 410 1134 (conf.
429 1082 494 1136 Kopp.
518 1084 540 1123 in
558 1082 839 1135 1101110100101111156.

97 1152 188 1201 1209),
202 1152 237 1190 nbi
252 1152 286 1204 qui
300 1165 313 1191 a
327 1151 428 1191 Lobeeldo
442 1151 541 1205 Aglaoph.
557 1154 650 1204 11342.
673 1151 802 1191 Plutarchum
813 1152 839 1190 de

97 1216 143 1258 Fac.
159 1218 254 1259 1111128.
273 1219 389 1260 Volxffl.
403 1233 421 1272 p.
434 1222 470 1259 91:
491 1217 535 1271 „ab
550 1216 589 1272 μὲν
604 1219 666 1272 σῶμα
681 1214 693 1273 ἡ
708 1219 744 1273 γῆ,
764 1216 801 1274 τὴν
815 1215 840 1259 δὲ

98 1282 167 1341 ψυχὴν
188 1282 200 1342 ἡ
216 1285 302 1343 σελήνη,
322 1285 359 1328 τὸν
377 1284 400 1328 δὲ
419 1289 467 1328 νοῦν
487 1282 576 1343 ὃῆλιος,
588 1282 693 1342 παρέσχεν
708 1282 739 1335 εἷς
753 1283 791 1342 τὴν
804 1283 840 1340 γέ-

98 1366 155 1393 νεσιν
173 1355 241 1396 afferri
259 1356 347 1406 addidit,
366 1356 428 1396 Ianus
450 1357 525 1396 nullam
544 1357 642 1396 rationem
656 1355 726 1395 habuit
741 1354 807 1395 Servii
819 1355 841 1394 iu

99 1421 242 1466 10111151.
257 1439 276 1478 p.
288 1428 310 1466 7:
332 1425 371 1475 „ut
390 1425 494 1478 physici
509 1426 587 1475 dicunt,
603 1424 697 1465 sortimur
712 1436 724 1463 a
739 1423 786 1464 Sole
801 1424 841 1476 spi-

99 1491 170 1541 ritum,
185 1494 267 1533 aLnna
283 1506 355 1545 eorpus
369 1516 399 1521 -
414 1494 467 1545 quod
480 1494 501 1532 et
515 1493 572 1533 Plato
587 1494 669 1533 videtur
679 1491 794 1541 adstruere,
808 1491 841 1544 qni

99 1559 156 1612 dicit,
178 1562 230 1613 quod
250 1574 293 1602 cum
314 1562 340 1600 de
360 1561 468 1601 effluxione
486 1562 570 1601 fontium
587 1575 627 1601 non
645 1561 729 1600 aliarum
749 1572 841 1612 quarum-

97 1628 147 1668 libet
164 1643 241 1681 rerum,
261 1631 298 1670 sed
316 1630 406 1683 ipsarum
426 1631 531 1670 stellarum
544 1631 621 1670 fuerint
634 1629 711 1669 animae
726 1629 841 1681 emporibus

99 1698 264 1749 commodandae,
279 1698 375 1750 quidquid
389 1699 414 1737 de
430 1699 479 1751 ipsis
494 1700 582 1739 sontibus
598 1699 701 1738 stellarum
711 1697 790 1747 ebullit,
804 1697 842 1737 hoe

99 1765 186 1818 intelligi
199 1768 272 1816 debere
287 1767 357 1807 stellas
375 1768 466 1818 (deberi
481 1767 560 1806 stellis
573 1768 624 1807 0011.
639 1766 751 1818 Wopkens.
764 1765 786 1803 in
798 1764 843 1816 Hy-

101 1835 200 1885 ginaeu.
219 1851 238 1889 p.
256 1837 323 1886 3db)“
344 1838 365 1875 et
379 1835 632 1888 Mythog-raphiHl.l9,l'.
650 1848 668 1886 p.
680 1836 728 1882 217,
740 1835 778 1872 33:
797 1833 843 1882 „di-

101 1906 150 1943 cunt
164 1917 251 1957 namque
265 1917 302 1944 nos
317 1917 378 1956 quum
391 1904 447 1943 nasci
460 1904 595 1957 coeperimus,
610 1916 622 1942 a
635 1902 682 1942 Sole
698 1901 791 1954 spiritum
802 1914 844 1940 sor-

88 1971 144 2021 1111,
164 1984 177 2011 0
190 1972 250 2012 Luna
268 1973 360 2025 eorpus.“
390 1972 435 2018 Quo
448 1974 517 2011 autem
532 1972 633 2025 pertineat
647 1971 682 2010 illa
697 1972 737 2009 ter
751 1970 844 2023 quino-

100 2053 156 2079 rum
175 2041 277 2081 dierum
296 2041 383 2091 mentio,
403 2041 523 2092 intelligitur
541 2054 568 2080 ex
584 2041 674 2080 eiusdem
687 2038 753 2079 Sereni
766 2039 809 2078 1000
823 2038 845 2077 11

101 2106 174 2161 Georg.
184 2109 200 2149 I.
213 2113 245 2150 39.
260 2125 279 2164 p.
290 2113 342 2150 179:
363 2109 438 2166 „Luna
452 2123 489 2162 per
504 2110 594 2161 singulos
610 2121 672 2149 annos
687 2107 793 2166 quindenis
804 2107 845 2147 die-

102 2178 140 2217 bus
154 2179 227 2218 crescit
241 2181 262 2218 et
278 2178 365 2218 deficite

169 2247 237 2300 Atque
259 2248 290 2287 his
310 2248 339 2286 ita
359 2247 457 2300 expositis
476 2250 497 2287 et
515 2247 631 2287 deliberatis
649 2246 741 2297 longiore
757 2245 846 2285 defuncti

102 2316 185 2355 exordio
204 2317 245 2355 iam
264 2316 285 2355 in
304 2329 409 2355 numerum
428 2317 515 2368 partium
535 2318 612 2355 temere
628 2315 773 2367 discerptamm
792 2314 845 2365 (add.

102 2395 143 2435 cap.
154 2384 190 2423 Vl.
202 2387 220 2424 3.
236 2385 329 2434 10127.)
343 2397 384 2423 101
396 2385 494 2424 immerito
508 2385 601 2424 uidemur
616 2383 731 2424 adscribere
746 2383 803 2422 illum
817 2384 846 2423 lo-

102 2465 156 2500 eum,
181 2466 219 2505 quo
238 2453 303 2493 omnia
324 2465 407 2505 corpora
427 2453 448 2492 11
469 2454 517 2493 lnua
538 2454 614 2493 maiora
634 2452 690 2492 nasci
710 2452 846 2504 comprobavit

100 2520 223 2561 Lactantius.
258 2522 391 2574 Praepostere
416 2522 468 2561 enim
486 2523 530 2562 illa:
555 2525 584 2562 ut
604 2522 685 2562 etiam
707 2519 847 2573 Olympius

100 2591 138 2629 ait
157 2590 254 2630 collocata
272 2604 317 2630 esse
337 2591 382 2643 ipsa
403 2594 423 2630 et
441 2604 474 2630 res
495 2592 516 2629 et
536 2591 598 2630 oratio
618 2590 711 2630 declarat.
746 2588 775 2629 Ut
794 2588 848 2626 enim

100 2659 159 2708 nihil,
179 2660 233 2712 quod
252 2659 318 2713 apitius
338 2673 384 2699 0111
397 2659 457 2699 Statii
472 2660 579 2713 exemplo:
596 2658 697 2699 mediae
712 2656 848 2695 —Lunae

100 2731 204 2780 congruat,
223 2728 291 2769 afferri
308 2730 376 2781 potest
394 2729 427 2770 illo
448 2729 490 2769 1000
511 2727 599 2782 Olympii
620 2729 692 2781 poetae
709 2725 772 2765 Laud.
787 2723 847 2765 Herc.
