1780 2885
45 61 87 99 198
367 70 423 112 Caput
434 70 466 103 IX.

44 175 68 213 ut
84 172 248 226 permutarentur
267 173 320 213 inter
341 186 363 213 se
378 173 445 226 Tyro
461 175 482 213 et
496 173 597 226 Pyrrho
611 172 708 227 Groning.
726 176 786 229 Prop.

44 241 71 281 H.
83 244 120 290 21,
131 241 170 290 51,
191 238 284 296 Πύρρου
299 241 374 281 ausen.
389 241 462 282 Ohron
476 241 553 282 Auecd.
567 242 611 282 Pan.
621 242 650 283 H.
664 256 682 295 p.
694 247 743 293 122,
754 247 786 284 13.

46 303 130 363 Τυρρου
146 307 197 349 Seal.
211 309 265 362 πῦρ
280 311 301 349 et
316 306 395 363 τυρόν
410 308 501 349 Schneid.
517 310 559 350 Nic.
576 310 634 350 Alex.
645 313 693 351 373.
708 325 726 363 p.
739 314 786 362 196,

43 371 119 432 πυροί
132 378 153 417 et
167 372 236 432 αυροί
251 377 347 431 Harpocr.
361 379 445 430 11:158,
457 365 496 427 13,
512 378 617 430 Tegees
632 381 653 419 et
664 368 806 431 Phegeus*

44 445 91 495 (vid.
106 445 125 485 h.
142 450 207 498 eapl
228 447 300 496 extu),
318 445 411 498 Pyram
431 459 504 485 nomen
520 447 541 487 et
556 446 651 487 Caesario
667 448 688 486 et
702 446 786 487 Reco-

44 514 212 566 gniticnibus
224 515 236 554 l.
245 514 263 554 d.
273 513 421 554 restituendum
432 527 477 554 esse
488 514 581 566 idemque
591 514 669 555 Vitae
680 513 700 555 S.
710 516 787 568 Igna-

43 582 77 622 tii
93 595 124 636 ap.
139 581 239 634 Bodaud„
262 582 283 621 in
299 594 338 636 qna
355 583 405 622 haec
419 596 472 623 nunc
486 583 528 634 legi
542 581 655 624 Ootelerius
670 584 730 623 testis
744 585 787 624 est:

44 649 159 702 „Hercules
181 650 229 702 igne
251 651 367 690 consumtus
390 652 422 690 est
441 651 463 690 in
484 650 571 703 Tyro.“
603 651 681 691 Verum
699 651 788 691 indidem

16 773 17 776 Ἴ
42 718 163 770 intelligitur
180 718 241 770 longe
262 718 317 759 alind
336 731 348 758 a
370 718 463 759 Caesario
478 718 572 759 Herculis
593 731 705 771 cognomen
717 719 787 760 fictum

43 799 100 837 esse,
120 798 180 839 qnam
199 787 253 839 quod
271 786 395 838 excogitavit
410 786 532 828 Ootelerins:
546 787 590 840 quis
605 787 660 827 enim
674 787 728 828 hunc
743 800 788 827 sen-

43 854 151 895 tentiarum
170 854 260 895 ordinem
285 855 365 895 tulerit:
393 851 415 895 ἐν
440 853 517 911 Πυρᾷ
533 849 641 910 Ἡρακλῆς
660 853 742 907 μᾶλλον
763 851 788 896 δὲ

43 921 156 978 Πυρακλῆς
176 921 309 978 (αυρακλῆς)
329 918 464 978 αυριαλιυυος
482 917 606 976 perdundae?
639 922 683 963 Nec
703 922 787 963 difficilis

43 991 133 1030 estuari
147 991 266 1031 coniectura.
298 991 339 1037 uui
353 992 406 1031 enim
420 991 529 1031 Hectorem
548 992 650 1045 tamquam
665 983 708 1033 oid
724 987 786 1031 ἀλέκ-

43 1068 96 1114 τορα
112 1055 202 1114 χρηστόν
221 1059 328 1099 incessiuit
350 1061 411 1113 atque
425 1059 542 1113 Aesculapii
561 1061 582 1098 et
600 1059 687 1099 Veneris
707 1059 788 1100 nomina

44 1127 73 1167 sio
89 1127 194 1167 cauillatus
209 1129 242 1166 est
261 1128 292 1177 (cf.
308 1128 391 1172 Quaest.
406 1128 431 1166 de
447 1127 536 1167 Tanusio
546 1126 585 1167 ΠΙ.
600 1141 619 1180 p.
632 1130 676 1178 21),
695 1129 787 1168 utillum

43 1195 121 1235 diceret
134 1208 181 1234 esse
195 1191 232 1234 τὸν
245 1195 294 1244 ναῖς
309 1192 373 1250 φρεσὶ
386 1189 496 1250 νήπιον,
511 1197 564 1235 hanc
580 1191 683 1250 κόπρον,
699 1196 717 1235 is
730 1196 786 1236 insti-

43 1265 87 1303 tuto
111 1276 147 1303 sne
168 1263 311 1303 conuenienter
334 1263 415 1303 videtm·
434 1264 538 1317 proprium
554 1263 649 1303 Herculis
669 1276 742 1304 nomen
761 1266 787 1305 ad

43 1332 96 1372 hanc
121 1333 209 1385 speciem
235 1332 355 1371 deduxisse:
381 1330 535 1387 πρηνοαλῆς,
563 1329 729 1387 πηρινοκλῆς,
755 1333 788 1373 cui

44 1400 112 1440 damni
127 1400 201 1452 aliquid
223 1401 352 1452 importatum
367 1400 400 1439 est
415 1400 513 1452 singulari
527 1399 562 1439 illa
575 1400 688 1440 litterarum
703 1415 716 1455 η
731 1403 753 1440 et
768 1413 787 1440 π

44 1467 215 1517 similitudmem)
254 1468 361 1509 Praeclare
385 1469 453 1508 autem
475 1471 546 1508 nestra
570 1468 671 1508 sententia
695 1468 787 1509 firmatur

43 1591 121 1626 Herculis
131 1591 212 1633 tunicati,
230 1590 266 1624 sola
282 1601 302 1623 ec
314 1589 374 1623 habitu
386 1590 460 1631 nomae,
472 1591 521 1624 torva
533 1590 576 1624 faeie
589 1591 696 1633 sentiensque
708 1602 787 1634 suprema

43 1648 124 1682 tunicae“
141 1647 236 1682 laciendum
251 1646 318 1679 ridetur
334 1656 370 1680 esse
383 1648 402 1679 ut
414 1647 460 1679 hlme
471 1647 548 1679 habitum
558 1650 657 1689 recuperet:
673 1647 786 1689 „Hercules

43 1706 150 1745 tunicatus,
165 1706 265 1738 Oetaeae
277 1704 338 1736 habitu
345 1704 436 1745 ruinae,
448 1706 497 1736 torva
504 1703 547 1735 facie
556 1704 661 1747 sentiensque
670 1715 749 1747 suprema
763 1705 787 1738 in

42 1761 126 1795 tunica.“
149 1762 177 1795 Eo
195 1763 238 1795 enim
255 1762 333 1803 dirigunt
349 1772 386 1794 cum
399 1760 429 1793 alii
440 1761 481 1793 libri
492 1763 529 1794 tum
539 1761 563 1800 ii,
579 1761 670 1803 inquibus
684 1764 709 1793 est
720 1761 787 1804 Eleo,

43 1820 88 1862 quod
104 1829 115 1851 a
132 1819 210 1851 Turnebc
226 1818 269 1850 on.
281 1817 329 1851 XVI.
343 1821 368 1850 12.
381 1829 398 1860 p.
411 1821 455 1858 487,
470 1821 491 1850 19
508 1818 527 1849 in
543 1817 625 1849 Oetaeo
643 1828 740 1850 conversum
752 1829 787 1850 non

42 1876 98 1909 minus
115 1875 177 1918 laudo,
195 1885 245 1918 quam
264 1872 329 1916 ἕλείη
347 1874 393 1917 apud
411 1874 478 1907 Aelium
494 1873 594 1907 Promotum
610 1873 642 1906 Mn.
660 1884 688 1916 ap.
707 1874 786 1908 Schneid.

44 1933 129 1976 Theophr.
143 1933 162 1965 Τ.
170 1932 191 1967 V.
205 1942 222 1974 p.
231 1934 274 1966 450:
290 1929 365 1976 Σμῖλαξ
382 1930 404 1965 δέ
419 1930 468 1964 ἐστιν
485 1928 546 1976 φυτὸν
562 1930 582 1964 ἓν
593 1932 616 1976 τῇ
627 1931 725 1978 Καλαυρίᾳ
737 1928 786 1975 (pcd-

42 2000 99 2035 μενον
112 1990 142 2022 καὶ
155 1989 229 2030 lietu,
243 1984 292 2021 ὅπου
309 1987 408 2034 Ἡρακλῆς,
424 1984 448 2025 ὥς
460 1996 515 2033 φασι,
532 1984 642 2034 περιευαηα
654 1987 787 2037 Schneidewin

45 2047 131 2091 Οἰταίῃ
147 2047 238 2086 mutatum,
255 2055 266 2076 a
277 2044 364 2077 Meinekio
378 2045 437 2086 aleph.
451 2046 492 2087 Byz.
507 2047 600 2086 p.673‚5
616 2044 635 2076 in
651 2044 674 2079 ἓν
686 2046 713 2090 τῇ
728 2046 786 2091 Οἴτῃ

43 2103 63 2136 ef.
76 2103 110 2136 Dio
122 2101 218 2136 chium.
231 2113 248 2144 p.
258 2104 301 2143 158,
314 2104 337 2134 34
354 2103 404 2147 Οἴτῃ.
418 2101 466 2134 cedd.
478 2099 539 2147 αὐλῇ,
563 2101 626 2147 Parum
643 2104 699 2134 autem
710 2102 754 2134 iuter
769 2112 786 2134 se

42 2159 108 2193 differre
125 2160 214 2193 Romam
231 2161 247 2192 et
263 2158 351 2192 ruinam
367 2157 427 2191 docent
445 2161 462 2191 et
478 2157 492 2190 ii
506 2157 551 2200 loci,
569 2148 629 2200 quilius
646 2158 666 2191 in
676 2157 786 2201 disceptando

42 2216 184 2260 Prop.1.12‚a
202 2226 253 2249 versu
271 2225 312 2248 nsns
324 2215 366 2256 erit,
383 2216 400 2248 et
411 2214 494 2257 Apuleius
506 2215 546 2247 Met.
554 2213 602 2247 VIH.
615 2225 632 2256 p.
641 2218 684 2249 509:
696 2215 787 2248 ruinam.

42 2274 78 2307 eod.
90 2273 145 2307 Wow.
157 2274 245 2306 Romam.
274 2271 298 2306 cf.
311 2272 370 2304 Barth.
382 2272 401 2304 in
413 2271 490 2304 Guilelm.
499 2272 542 2304 Brit.
550 2271 599 2305 VHI.
608 2274 623 2304 5.
636 2282 653 2313 p.
662 2274 700 2305 581.
720 2272 784 2305 Annob.

42 2330 73 2363 IV.
81 2334 108 2365 25.
121 2340 138 2372 p.
148 2333 188 2362 144:
205 2330 239 2371 „in
258 2329 325 2362 Oetaeis
342 2328 433 2361 verticibus
446 2328 538 2361 Herculem
551 2331 590 2370 post
602 2328 699 2361 morborum
711 2329 787 2362 comitia·

42 2387 84 2420 lium
94 2386 175 2419 ruinas
194 2385 298 2419 dissolutum
314 2387 333 2419 in
350 2385 423 2418 cinerem
438 2385 529 2427 modeim
543 2385 564 2420 cf.
574 2389 601 2419 35.
613 2396 630 2427 p.
640 2389 683 2419 162:
699 2386 734 2427 „in
745 2387 786 2419 ulti-

42 2454 87 2477 mam
103 2443 160 2477 tabem
177 2443 288 2477 diffluentium
304 2443 388 2477 viseerum
403 2443 517 2476 maceratione
533 2442 626 2476 eonsumi.“
650 2442 721 2480 antil.
738 2444 786 2478 Deci.

41 2500 82 2540 XII.
92 2503 119 2534 14.
131 2510 148 2542 p.
156 2504 197 2535 255:
213 2502 288 2543 „nostra
300 2500 351 2534 etiam
362 2500 430 2534 ruina
442 2499 513 2534 tabuit.“
534 2499 564 2533 Sil.
572 2499 594 2545 X.
606 2503 644 2536 101.

89 2557 119 2601 92)
134 2557 160 2590 De
177 2567 209 2599 qua
226 2558 337 2591 similitudine
354 2558 462 2591 existimatur·
478 2560 495 2590 et
511 2567 531 2590 ex
543 2558 575 2590 hcc
587 2558 673 2600 exemplo:
691 2558 785 2593 πλείους.

40 2614 125 2652 Ἠλείους
140 2614 210 2647 Mereer.
226 2615 245 2647 in
257 2615 302 2648 Diet.
316 2615 359 2648 Oret.
369 2615 401 2648 ΠΙ.
410 2619 426 2648 5.
443 2627 460 2657 p.
470 2619 485 2648 9.
510 2615 570 2648 Osann.
584 2615 785 2658 Αρα1.01611οἕτ.υ.62

42 2672 124 2717 aliisque,
139 2682 181 2717 quae
197 2674 236 2705 sunt
253 2672 298 2714 apud
310 2672 404 2707 Albertium
416 2672 490 2717 Hesych.
498 2671 512 2705 Ι.
526 2682 543 2720 p.
554 2676 605 2713 1656,
616 2674 651 2711 not.
661 2675 681 2705 16
695 2673 712 2704 et
724 2670 785 2707 schae-
