1780 2885
105 71 147 111 174
416 80 471 123 caput
483 66 531 115 mn.

102 189 201 226 v.1811:
217 186 303 238 „Petam
319 185 443 227 Cleonas?
465 186 596 228 Arcadum
610 189 721 241 populos
735 188 842 238 (hocenim

103 258 159 296 tenet
177 256 306 296 Florentinus
328 256 390 307 liber)
416 259 484 310 petam
502 257 620 310 bleritisque
642 260 740 298 terram
755 259 842 298 nobilem

102 339 197 377 quaeram
211 326 263 366 tuis?
294 326 342 366 Hic
356 326 399 366 dira
415 340 524 380 serpens
540 328 622 379 cecidit,
636 327 668 368 hic
682 328 739 367 ales
755 328 797 368 fera
811 350 841 378 η

101 392 134 435 liic
148 398 183 435 tua
197 396 275 436 fractus·
288 409 349 436 manu
362 421 391 425 —
405 396 466 447 le0“‚
482 410 567 449 quorum
581 389 677 437 uersuum
690 411 752 438 unum
763 397 842 450 quidam

103 468 236 519 corruperunt
260 466 288 505 sic
309 466 423 506 scribendo:
444 465 561 515 „Arcadum
580 480 611 507 an
630 467 737 520 populos“,
757 467 842 507 alterum

103 536 164 574 etiam
179 535 262 587 gravius
277 534 373 575 Heinsius
388 535 440 575 Adu.
450 534 477 575 Π.
490 538 522 575 14.
537 551 556 590 p.
566 539 607 577 317
622 551 660 589 sq.:
680 535 770 589 „Utrum
785 534 842 576 Cleo-

103 618 140 645 nas
158 605 260 645 Arcadum
279 618 308 644 an
327 605 412 658 papulas
427 608 495 658 petam
509 605 629 658 hleritisque
643 606 743 659 Libyen
756 605 842 646 nobilem

104 688 127 713 ac
142 675 252 715 Lernam
266 675 324 715 tuis.“
355 674 393 715 Oui
406 674 498 714 institute
513 676 629 727 refragatur
644 684 689 716 cum
703 675 780 716 Manilii
790 679 841 715 'com-

103 744 180 797 paratio
194 744 231 784 LV.
248 747 299 784 671:
322 743 399 794 „Asiae
421 745 513 797 populi
533 745 631 797 divesque
651 759 688 798 per
707 745 773 798 omnia
791 746 841 785 tel-

103 815 143 852 lus
154 812 193 865 l⁵)·'‘
204 816 247 853 tum
258 826 336 864 cares,
352 813 404 866 quod
415 817 435 853 et
444 813 554 853 Lernam
568 814 696 854 Arcadiae
707 828 752 854 esse
762 816 843 867 praeter

104 882 201 923 Senecam
224 883 286 923 tradit
303 882 397 923 Valerius
416 883 501 923 Flaccus
515 882 531 922 l.
548 885 601 924 108:
625 883 760 936 „Tirynthius
779 883 842 935 Argis

103 953 201 1002 Advolat,
219 949 333 992 Arcadio
357 953 413 992 cuius
436 952 538 992 flammata
561 966 662 992 ueneno
679 952 745 992 Tela“
767 955 788 992 et
804 954 842 991 34:

104 1021 202 1062 Cleonaeo
227 1023 268 1062 iam
287 1024 377 1076 tempora
395 1022 463 1061 clusus
480 1022 536 1062 hiatu
553 1022 645 1062 Alcides:
672 1021 718 1062 olim
737 1021 841 1061 Lernae

103 1093 197 1132 defensus
218 1091 242 1131 ab
263 1104 347 1143 angue
366 1091 472 1141 Arcas“‚
490 1092 525 1131 nbi
544 1091 638 1131 credibile
653 1092 712 1132 duxit
728 1104 774 1131 esse
788 1091 842 1132 Bur-

102 1168 187 1200 mannus
200 1174 219 1214 p.
232 1162 258 1199 17
273 1161 369 1214 „poema
382 1160 464 1200 licentia
482 1161 579 1200 terminos
597 1160 708 1200 vicinorum
722 1160 843 1214 populorum

103 1230 206 1271 Valerium
226 1230 339 1270 confudisse
357 1229 391 1269 rel
409 1242 487 1270 errasse
505 1230 526 1269 in
545 1229 618 1270 tinibus
640 1229 751 1270 statuendis
770 1230 841 1270 harum

103 1300 211 1352 gentium.“
240 1299 322 1339 Valerio
337 1299 435 1338 accedunt
448 1298 567 1349 Lactantius
577 1299 637 1338 Theb.
648 1298 685 1338 IV.
697 1300 743 1339 638.
758 1313 776 1352 p.
789 1300 841 1338 151:

31 1379 33 1381 ·
102 1369 185 1419 „Lerna
203 1368 277 1421 palude
293 1368 441 1407 Arcadiae“
462 1368 523 1419 (quod
542 1367 626 1407 miratus
642 1367 737 1407 Barthins
755 1382 773 1420 p.
785 1370 841 1408 1177

104 1438 241 1487 scribendum,
261 1437 334 1490 inquit,
357 1435 461 1488 Argiae.
494 1437 564 1476 Potest
587 1439 655 1476 tamen
674 1437 699 1476 ob
719 1436 842 1477 vicinitatem

103 1508 156 1547 idem
172 1507 246 1546 dictum
260 1506 313 1546 uelle
327 1505 422 1545 Lutatius
427 1506 447 1557 ¹⁴)
458 1507 478 1545 et
488 1505 651 1558 Mythographus
661 1504 688 1544 Π.
700 1508 747 1545 163.
763 1519 782 1558 p.
794 1508 841 1556 131,

103 1580 125 1616 4:
145 1577 191 1627 „sic
206 1588 270 1628 aquae
285 1576 357 1616 clausit
368 1577 447 1615 meatus
463 1576 483 1614 ct
492 1575 621 1614 habitabilem
631 1574 763 1615 Arcadiae
778 1575 842 1614 fecit“

103 1660 126 1686 ac
148 1645 220 1699 Vibius
242 1643 351 1698 Sequester
372 1659 391 1697 p.
408 1647 447 1684 26:
476 1643 559 1693 „Lerna
581 1643 710 1684 Arcadiae
730 1643 842 1695 (Argiae

102 1715 171 1755 Barth.
192 1713 242 1754 Stat.
256 1714 318 1754 Theb.
333 1713 369 1754 IV.
387 1717 434 1753 711.
453 1727 471 1766 p.
484 1716 546 1753 1212.
574 1712 717 1765 Argolides
736 1711 842 1764 Hessel.)“

103 1787 124 1824 et
142 1797 154 1824 a
173 1797 211 1837 quo
229 1783 376 1823 Maenaliae
395 1795 468 1823 ncmen
487 1783 565 1822 illatum
586 1782 651 1822 rideri
669 1782 721 1821 infra
736 1780 798 1821 Ima
820 1783 842 1822 in

103 1854 204 1893 mentione
224 1852 338 1892 Herculeae
360 1864 425 1905 pyrae
447 1851 547 1901 dicemus,
572 1851 665 1890 Albricus
676 1850 746 1890 XXII,
760 1864 780 1902 p.
791 1853 842 1891 933:
872 1872 874 1874 v

102 1924 175 1974 „lacus
197 1922 235 1962 luit
257 1921 417 1961 Aemoniae“
442 1920 602 1969 (Laconicae
622 1910 717 1970 hlunch.)
752 1919 843 1971 Denique

102 1993 223 2033 Nemeam
247 1990 377 2030 Arcadum
400 1991 488 2029 montem
512 1989 560 2029 facit
580 1990 634 2029 idem
653 1986 762 2030 SENECA
781 1987 842 2028 Herc.

104 2061 147 2101 Oet.
160 2064 225 2101 1883:
245 2060 304 2100 Flete
314 2059 436 2110 Herculeos,
449 2059 552 2108 Arcades,
568 2059 643 2110 obitus,
659 2058 754 2098 Nondum
763 2057 842 2097 Phoebo

102 2134 198 2172 nascente
208 2143 278 2182 genus.
300 2129 353 2182 Iuga
362 2128 500 2169 Parthenii
509 2128 663 2181 Nemeaeque
674 2127 843 2167 soneutFeriant-

103 2215 142 2254 que
163 2213 237 2253 graves
258 2198 383 2238 Maenala
406 2198 517 2251 planctus“
535 2200 556 2238 et
570 2197 636 2251 ipsum
651 2197 730 2237 leonem
744 2196 843 2237 Arcadiae

103 2271 226 2310 vastatorem
238 2282 256 2308 r.
268 2270 305 2308 16.-
826 2256 828 2258 ’

238 2337 312 2377 Nullus
327 2349 363 2389 per
377 2335 437 2375 nrbes
453 2336 508 2375 errat
521 2333 651 2375 Arcadias
665 2334 702 2375 leo.

104 2408 129 2448 ln
151 2421 190 2460 qno
211 2406 338 2459 explanando
352 2406 406 2454 icoc,
419 2405 443 2444 ut
458 2403 536 2444 silentio
550 2405 677 2457 praeteream
690 2401 730 2443 Iac.
745 2400 843 2443 Gronovii

104 2478 208 2518 inventum
227 2476 273 2516 hcc:
295 2474 366 2525 „Non
386 2488 431 2514 sus
450 2486 487 2527 per
507 2474 568 2514 urbes
589 2474 644 2514 errat
660 2471 769 2520 Arcadiam
789 2471 843 2522 leo,

151 2647 181 2689 75)
192 2647 217 2682 cf.
229 2647 280 2680 Herc.
293 2648 330 2680 Oet.
341 2650 395 2680 1537:
412 2645 566 2689 „Arcadum—
575 2623 671 2686 populis.
678 2643 749 2679 vetustis
756 2642 772 2682 “‚
785 2649 842 2682 quam·
882 2652 883 2655 ¹

103 2716 153 2750 quam
166 2706 230 2738 Seneca
245 2705 305 2738 maluit
320 2715 383 2747 ponere
394 2706 481 2745 terras,
496 2704 516 2734 ut
526 2704 600 2734 terras
613 2700 708 2734 Siciliae
720 2699 773 2733 Silius
786 2695 842 2730 (disan.

105 2764 148 2798 0011.
161 2761 229 2799 Lucret.
238 2765 274 2796 227·
284 2763 304 2796 cl.
315 2761 360 2797 (lert.
372 2762 435 2795 Lucan,
443 2759 476 2795 IV.
486 2763 525 2793 595.
536 2770 555 2803 p.
564 2762 603 2792 521.
