1780 2885
55 36 96 75 134
377 44 434 86 Caput
441 45 480 79 VH.

54 149 107 201 quod
126 149 254 188 retinuerunt
269 148 348 188 Natalis
365 148 437 190 Comes
450 147 535 200 Mythol.
546 148 593 188 VH.
604 152 623 189 4.
637 163 656 203 p.
669 153 716 189 721.
746 149 796 190 Sim-

54 231 115 258 sonus
132 216 205 258 011111.
220 217 245 256 A.
260 217 361 258 111711.
375 220 454 271 11282.
483 218 584 258 Baehetus
596 219 621 257 de
631 217 689 259 Ouid.
705 219 769 273 Epist.
779 221 795 260 l.

53 302 71 339 p.
83 288 133 337 151)
151 290 172 326 et
186 285 298 326 Scholiasta
312 286 335 326 ll.
351 287 363 325 l.
375 287 393 324 d.
404 281 587 339 Ἱπποβότειαν
598 282 796 340 (Ἱπποδάμειαν

53 356 141 409 Didym.)
156 350 192 410 τὴν
207 349 281 396 Βούτα
295 350 421 406 (Repetitio
432 354 511 395 Stauer.
521 356 542 395 in
552 355 629 409 Hygin.
644 370 663 409 p.
676 358 708 395 93.
723 358 764 395 not.
776 358 796 405 8)

54 426 74 463 et
96 423 130 475 qui
149 424 198 463 haec
214 436 272 463 111111
288 424 367 476 scripsit
382 422 432 473 Dia,
452 437 503 475 quae
517 427 582 464 mater
596 424 680 464 Pirithoi
695 425 742 473 fuit,
759 437 795 477 pro

53 492 138 543 coniuge
153 493 229 545 posita,
241 491 270 531 lo.
285 492 397 531 Tuetzes
411 493 432 531 11
445 492 527 533 Hesiod.
543 492 596 534 Sout.
609 496 655 533 178.
669 506 688 545 p.
700 495 748 541 628,
760 495 796 531 17:

54 556 176 614 Πειρίθους
198 555 230 609 εἰς
249 557 340 616 Θήβας
360 561 426 612 (scrib.
445 553 569 617 Ἀθήνας
587 562 626 601 vid.
648 561 709 601 Theb.
726 560 796 601 Parad.
836 575 838 577 ’

54 644 73 682 p.
85 631 136 680 447)
161 626 232 669 abacto
252 653 280 657 -
297 625 345 679 ἔσχε
365 630 452 681 γυναῖκα
473 631 529 670 Aion
548 627 586 685 τὴν
605 631 643 671 τοῦ
662 624 796 670 Bactriano

54 693 170 751 θυγατέρα.
200 697 291 737 Dissidet
304 698 350 737 hinc
363 697 482 737 Plutarchus
499 698 558 738 Thes.
570 701 608 739 29:
630 700 703 751 papan
718 693 730 740 ὃ
744 699 797 738 Πει-

55 761 133 819 ρίθους
152 762 328 820 Δηιδάμειαν
351 769 420 819 (quem
434 768 527 818 apertum
545 780 634 807 errorem
652 767 700 807 dicit
713 767 796 807 1111111-

54 834 129 885 lingius
143 835 203 884 ld),
217 835 263 873 inde
278 835 395 874 Lactantius
410 835 431 873 in
446 833 495 874 Stat.
512 835 572 874 Theb.
583 835 599 874 Ι.
611 838 651 875 106
664 836 707 874 sive
717 835 797 887 111111111-

54 902 144 955 graphus
155 902 170 942 l.
183 906 229 943 170.
246 916 264 955 p.
276 905 314 951 53,
326 906 337 942 7
353 903 387 951 (de
398 903 470 955 quibus
480 903 501 942 in
510 892 587 943 Electis
598 903 610 942 l.
622 904 639 942 d.
654 903 796 955 absolvimus)
864 895 867 898 ’

54 970 139 1021 „Atrax
157 995 186 1000 »-
203 974 261 1024 pater
279 971 497 1023 Hippocratiac“,
521 972 550 1011 illi
570 972 650 1025 quidem
670 972 691 1011 id
712 973 798 1024 sequuti,

55 1040 109 1092 quod
122 1041 144 1079 in
158 1040 260 1079 variandis
270 1040 383 1079 nominibus
395 1052 475 1092 semper
485 1040 593 1093 scriptores
604 1040 695 1079 tenuisse
705 1040 797 1080 uberiore

57 1107 192 1161 disputatione
218 1108 321 1148 docuimus
340 1108 401 1147 Theb.
422 1108 519 1149 Paradox.
538 1123 557 1162 p.
572 1111 625 1149 453:
648 1109 726 1149 tantulo
745 1109 798 1148 enim

55 1176 168 1216 discrimine
192 1178 246 1217 inter
273 1190 295 1216 sc
320 1178 455 1227 seiunguutur
480 1177 650 1229 Hippodamia,
674 1177 798 1227 Deidamia,

54 1245 222 1299 Hippocratia,
237 1246 332 1298 quantulo
346 1245 474 1295 Deidamia,
488 1246 621 1295 Laodamia,
635 1245 799 1298 Hippodamia,

55 1327 106 1367 quae
120 1314 201 1353 nomina
215 1314 328 1353 inuenimus
348 1314 417 1353 addita
431 1313 592 1367 Bellerophontis
607 1313 660 1354 filiae
674 1314 797 1367 Wesseling.

55 1385 76 1423 in
90 1384 183 1425 DiodV.
198 1398 216 1437 p.
228 1386 280 1435 395,
298 1386 330 1424 65.
365 1383 394 1422 At
413 1383 539 1436 Propertium
560 1385 659 1424 communi
679 1384 798 1437 scriptorum

56 1454 163 1493 consensui
182 1454 307 1504 refragatum
325 1452 409 1492 Pirithoi
428 1453 507 1504 coniugi
527 1465 600 1491 nomen
614 1452 797 1492 Ischomaohae

55 1522 127 1562 iecisse
143 1522 227 1562 credunt
242 1522 373 1574 dictitantque
387 1534 432 1560 oum
442 1521 486 1571 alii,
501 1523 524 1561 ut
536 1521 642 1561 Turnebus
653 1520 705 1562 Ado.
715 1520 753 1562 XI.
765 1525 797 1562 16.

53 1594 138 1645 p337,
153 1593 185 1630 14.
224 1590 326 1630 Baohetus
347 1590 388 1630 ld.
407 1604 427 1643 p.
444 1591 491 1630 156.
520 1589 635 1644 Leopoldus
656 1590 677 1629 in
697 1590 796 1633 Plutarch.

54 1661 67 1700 l.
78 1661 96 1700 d.
111 1674 129 1712 p.
142 1663 179 1710 73,
195 1659 271 1700 Bodius
282 1660 294 1699 l.
305 1659 329 1709 d,
344 1661 386 1700 tum
396 1659 496 1713 Propertii
505 1660 628 1712 interpretes
640 1672 708 1699 omnes
719 1661 797 1700 assensi

56 1728 158 1781 Scaligero
172 1742 191 1782 p.
201 1731 255 1769 401:
274 1729 361 1781 „Potest
374 1728 429 1779 lieri,
443 1720 564 1768 1111111111
578 1741 651 1768 nomen
666 1730 720 1782 apud
735 1743 796 1782 quos-

55 1800 101 1838 dam
115 1798 276 1852 llythographos
291 1798 408 1846 habuerit,‘*'
423 1799 444 1837 et
460 1798 494 1849 qui
508 1797 635 1851 Propertium
654 1797 743 1838 imitatus
759 1801 796 1849 est,

54 1868 138 1908 Publius
154 1867 237 1920 spinula
250 1867 262 1906 l.
275 1871 285 1907 1
298 1868 316 1907 d.
347 1867 388 1913 1,)11
404 1867 490 1920 primum
501 1867 539 1906 hoo
554 1867 631 1916 dicant,
652 1879 703 1919 quae
716 1868 797 1907 taudem

54 1937 105 1976 ratio
126 1936 188 1976 111111
205 1949 258 1977 noro
279 1937 397 1989 cognomine
417 1948 461 1975 eam
475 1936 573 1988 augendi,
592 1948 652 1987 quam
667 1938 746 1989 constat
760 1950 797 1977 uec

55 2007 149 2046 arborum
168 2006 230 2045 ramis
252 1999 388 2060 (ἰσχομάχην
408 2006 460 2045 enim
475 2004 602 2045 Passeratius
621 2006 650 2046 ait
664 2019 709 2046 esse
724 1997 796 2057 ὀσχο-

54 2073 130 2130 μάχην)
144 2077 210 2129 ipsam
224 2088 328 2129 pugnasse
344 2075 391 2126 (uid.
404 2087 445 2128 cap.
457 2074 493 2115 IV.
504 2077 525 2125 4)
541 2071 718 2131 11Ἐγερσιμάχην
728 2077 797 2117 uerius

54 2145 88 2184 uel
101 2137 231 2201 Ἀγχιμάχην
246 2140 401 2201 (Ἀμφιμοῖχην)
417 2144 491 2194 fuisse,
505 2137 699 2200 11111Ἰσχ1μοίχην,
712 2145 733 2185 id
744 2146 796 2200 quod

54 2214 156 2254 Bachetus
175 2215 187 2253 l.
198 2216 216 2254 d.
235 2215 307 2267 arguit.
337 2214 415 2253 Deinde
429 2214 479 2253 illud
494 2214 603 2267 expediant
618 2214 728 2263 (sublicium
744 2215 796 2255 enim

54 2284 93 2323 iam
111 2283 156 2336 ipse
175 2283 210 2323 isti
230 2282 316 2337 opinioni
337 2284 416 2336 aliquod
433 2284 585 2334 adminiculum,
604 2285 636 2323 cui
655 2296 714 2325 nemo
731 2285 796 2326 adhuc

54 2353 156 2402 intendit)
168 2367 229 2405 quum
240 2355 260 2392 et
270 2352 379 2392 simillimas
390 2366 480 2406 quasque
487 2353 565 2393 fabulas
576 2353 636 2393 etiam
647 2367 659 2397 a
668 2354 796 2408 peritioribus

56 2423 185 2474 scriptoribus
196 2422 290 2463 confundi
301 2422 418 2474 saepissime
428 2422 497 2462 solitas
508 2435 554 2462 esse
563 2422 643 2463 minime
656 2423 762 2464 obscurum
772 2437 796 2465 ac

55 2491 137 2530 dubium
157 2492 183 2530 sit
203 2494 224 2531 et
244 2505 281 2544 per
301 2491 461 2543 Wesselingium
478 2492 499 2531 in
514 2492 571 2532 Diod.
582 2491 619 2534 IV.
634 2507 653 2546 p.
665 2496 719 2544 278,
734 2496 760 2534 82
775 2496 797 2534 11

55 2560 159 2613 Heynium
173 2560 193 2598 iu
209 2560 300 2613 Apollod.
310 2559 337 2599 Π.
349 2563 373 2610 5,
385 2561 402 2599 5.
420 2575 438 2614 p.
451 2564 492 2600 364
506 2562 558 2613 (illos
575 2561 654 2615 quidem
670 2562 796 2603 immemores

55 2629 160 2681 Saluagnii
170 2629 190 2667 in
199 2628 256 2669 Ovid.
267 2630 295 2670 lb.
307 2633 355 2670 406.
368 2644 386 2683 p.
397 2633 429 2670 99.
453 2630 559 2670 llunoheri
567 2631 589 2670 11
598 2630 674 2685 Hygin.
685 2635 717 2672 31.
732 2645 751 2684 p.
763 2635 795 2672 91.

56 2698 170 2753 Spanhemii
189 2699 210 2738 in
231 2698 305 2740 Gallim.
325 2699 431 2739 Del.162.
451 2713 469 2752 p.
481 2701 532 2752 406)
552 2702 573 2740 11
588 2702 702 2741 confessum
716 2702 796 2743 venerit
