1780 2885
232 403 234 406 ·
253 386 419 446 corrigenda.
454 389 590 436 Addenda.

95 518 163 558 Restat,
180 521 199 549 ut
216 520 280 551 reniam
293 522 370 561 expetam
382 531 447 561 eoriun,
466 533 508 564 quae
524 534 550 554 me
567 523 619 555 invito
634 526 689 556 errata
702 527 741 555 sunt
753 536 790 557 eam

48 573 119 604 maxime
134 574 155 605 ob
167 585 250 616 caussam,
264 576 308 618 quod
321 587 363 619 qliae
371 578 401 609 uni
409 578 492 610 volumini
500 579 632 622 destinaveram,
645 591 664 612 ea
672 581 789 623 redemptoris,

48 629 80 660 viri
97 631 222 672 honestissimi,
240 633 314 664 rationes
331 634 405 665 tulerunt
422 637 440 666 ut
457 638 536 676 separata
552 637 570 668 in
586 638 631 668 hunc
644 638 731 670 Deiectum
744 640 760 670 et
772 639 790 670 in

47 686 233 720 Emendationum
245 690 450 731 Propertianarum
467 691 531 723 librum
548 693 693 726 distribuerentur.
714 695 739 726 De
752 695 789 736 qui-

47 742 78 774 bus
89 744 184 777 rationibus
201 756 251 787 quum
265 747 329 788 liquere
344 758 381 779 sero
395 748 487 789 coepisset,
504 749 567 781 laetum
580 752 613 791 est,
632 753 651 781 nt
663 761 701 782 cum
712 751 789 783 aliatum

47 810 89 841 quac
105 802 160 842 capite
176 803 192 834 V
208 804 322 844 continentur,
340 815 400 845 parum
417 805 503 837 commode
520 808 536 837 ct
553 806 632 838 distincte
650 806 789 839 describerentur.

47 856 93 888 Satis
106 860 131 889 est
143 862 199 891 autern
211 860 253 891 haee
265 860 364 892 adnotasse:

46 935 67 967 P.
88 940 104 976 4,
114 941 140 969 34.
164 935 237 983 Κύρνον
253 950 332 981 reparare
351 940 440 981 occuparit
456 940 593 972 Schneidewinus
611 940 713 981 Diogenian.
727 939 746 972 V.
760 944 788 972 46.

162 1005 179 1035 p.
189 998 226 1027 261.
238 995 280 1028 11.
302 997 365 1029 Docuit
376 998 394 1029 id
407 1008 433 1029 me
447 997 515 1029 auxiliis
524 1008 584 1038 parum
592 997 692 1028 instructanr
700 996 789 1038 Dryander

162 1061 217 1091 meus,
236 1052 265 1093 <pii
281 1052 325 1084 idem
343 1054 374 1085 has
392 1054 458 1085 chartas
477 1063 525 1095 quam
545 1053 678 1085 emendatissime
694 1052 788 1084 litterarum

135 1138 137 1142 ,
162 1107 221 1139 formis
233 1109 333 1149 repetendas
346 1110 412 1141 curavit
423 1120 460 1141 cum
474 1110 572 1141 assiduitate
585 1110 675 1151 singulari.

54 1177 61 1183 -
86 1164 102 1201 5,
112 1165 138 1194 ao.
161 1164 213 1196 meh.
226 1165 294 1198 Lata.
310 1170 358 1207 112,
373 1170 400 1198 eo.

54 1234 61 1239 ·
86 1221 101 1257 6,
112 1222 138 1251 28.
163 1221 261 1264 dicentur)
274 1223 297 1254 in
309 1222 416 1265 Cercyonem.

54 1278 101 1315 -10,
112 1279 137 1308 11.
161 1277 288 1320 meapvffl.

54 1348 61 1353 -
74 1336 137 1373 -—,28.
161 1334 179 1365 iu
192 1345 229 1377 cap.
242 1335 292 1368 VIII.

54 1405 61 1410 -
75 1391 138 1430 12,11.
161 1392 258 1424 Rcddentur
270 1393 311 1424 haee
322 1392 340 1423 in
351 1392 433 1424 Emendd.
447 1392 498 1433 Prop.
511 1392 554 1424 libro
569 1393 643 1434 oap.VI.
653 1397 667 1423 2.

54 1463 61 1468 -
76 1449 102 1486 13,
111 1450 138 1479 23.
161 1448 239 1481 instituta
249 1450 287 1482 Em.
300 1450 352 1490 Prop.
361 1449 391 1482 VI.
401 1453 415 1480 1.

54 1519 61 1525 -
76 1506 139 1544 15,16.
162 1506 180 1537 in
192 1507 247 1548 capite
259 1507 291 1539 IX.
301 1510 317 1538 3.
329 1508 364 1538 not.
374 1510 400 1540 35.

55 1565 139 1600 -—‚35.
164 1563 182 1595 in
194 1574 230 1605 cap.
243 1563 293 1596 VIII.

54 1634 61 1639 -
73 1636 101 1658 -,
111 1622 137 1651 37.
162 1620 195 1651 Cic.
211 1621 264 1652 —in
275 1621 357 1652 Emendd.
371 1621 415 1652 libro
429 1631 465 1662 cap.
475 1620 532 1652 1114.
545 1624 581 1653 not.
591 1625 618 1653 35.

55 1692 61 1696 -
76 1678 102 1716 16,
112 1679 138 1707 22.
161 1677 264 1720 Polypheme
276 1678 299 1709 in
311 1678 353 1709 Em.
365 1678 432 1720 Prop.
446 1678 505 1710 libro
518 1677 557 1709 Vll.
567 1682 576 1709 1
588 1678 667 1710 dicemus.

54 1749 61 1754 -
75 1750 102 1769 -,
112 1736 138 1764 31.
161 1735 237 1766 Pierium
252 1753 273 1758 -
288 1735 356 1767 Schrad.
368 1735 438 1767 Emend.
456 1734 512 1767 Praei.
528 1746 545 1776 p.
555 1734 593 1767 XL.
619 1735 643 1767 Ul.
655 1735 726 1768 Merkel.
740 1735 788 1767 Ovid.

162 1791 212 1824 Trist.
221 1791 254 1824 111.
264 1795 290 1831 12,
300 1796 315 1823 2.
327 1802 344 1833 p.
354 1796 393 1824 207.

54 1864 61 1868 -
76 1849 102 1887 17,
113 1850 139 1880 16.
163 1848 209 1879 Num
219 1849 258 1890 quid
271 1848 292 1880 ad
300 1851 377 1880 nostrum
385 1849 482 1881 institutum
491 1849 577 1890 pertinens
586 1849 682 1890 complexus
691 1849 714 1879 sit
723 1849 742 1880 Ο.
751 1848 789 1880 Iah-

162 1906 200 1937 nius
215 1906 233 1938 in
250 1916 280 1938 sua
295 1906 315 1938 de
328 1906 402 1947 Theseo,
424 1907 503 1947 Scirone,
524 1905 581 1937 Sinide
599 1905 723 1946 disputatione,
737 1916 790 1955 *quam

161 1962 242 1994 insertam
254 1963 338 1995 Gerlrardi
350 1963 473 2002 Monumentis,
488 1962 629 2003 Quacstionibns,
643 1962 729 1994 lIcmoriis
742 1965 789 2000 1865,

163 2019 203 2051 fasc.
213 2024 234 2052 65
249 2020 284 2061 legi
294 2031 320 2052 me
333 2021 391 2053 docuit
401 2020 498 2064 Dryander,
511 2020 634 2062 incompertum
647 2020 706 2051 habco.

54 2093 60 2098 -
73 2094 101 2115 —,
114 2080 141 2107 37.
165 2074 269 2121 Eaai'pourie
280 2088 299 2109 τε
312 2079 343 2109 mdv
355 2075 461 2123 Κερκυόνας
473 2078 526 2109 Isocr.
538 2077 577 2109 Hel.
590 2077 644 2109 Laud.
660 2088 677 2118 p.
688 2080 726 2108 213.
741 2077 753 2118 t.
763 2081 790 2109 23.

54 2151 61 2155 -
75 2136 138 2173 21,14.
163 2130 276 2179 ducetque
293 2134 325 2176 (ci.
344 2134 399 2166 Schol.
417 2134 437 2166 Il.
452 2134 500 2166 XXI.
512 2139 552 2167 271.
570 2146 586 2175 p.
600 2138 681 2176 577,23:
699 2133 790 2178 ὑπέσυρευ

164 2189 246 2233 dnicae)
262 2194 281 2223 ut
299 2188 417 2224 croatiae-cc.
431 2191 498 2224 aidila
512 2191 573 2223 Marin.
585 2192 620 2224 vit.
637 2191 693 2223 Procl.
704 2194 729 2223 11.
742 2202 759 2232 p.
768 2194 789 2223 26

163 2250 180 2279 et
197 2258 238 2289 quos
255 2248 302 2280 affert
321 2248 418 2280 Dindorfius
435 2248 493 2290 Steph.
507 2247 556 2281 VIII.
573 2259 590 2290 p.
601 2247 669 2287 31663
686 2247 731 2279 nihil
745 2247 790 2280 enim

162 2304 191 2336 hie
204 2305 274 2346 prodest
286 2305 341 2337 Wess.
354 2324 376 2328 —

56 2379 63 2384 -
77 2365 141 2402 —,20.
164 2361 247 2402 incapite
259 2361 314 2394 713.

55 2437 61 2442 -
75 2422 102 2458 24,
113 2422 139 2451 24.
163 2419 256 2460 Bergkius,
270 2420 298 2461 qui
316 2416 401 2465 Κάμπην
415 2420 448 2451 diei
462 2420 541 2461 opinatus
554 2421 580 2450 est
593 2418 650 2457 illam,
664 2419 684 2450 de
697 2429 729 2460 qua
741 2430 757 2460 p.
768 2423 789 2451 67

163 2477 334 2509 commemoravimus.

54 2553 61 2558 -
75 2537 103 2574 27,
113 2536 139 2566 35.
163 2533 474 2574 cf.6tat.Sflv.11.7,ea.Cm.-
716 2569 718 2574 ,

55 2610 61 2615 -
76 2610 103 2632 -,
113 2594 140 2624 38.
164 2590 216 2622 Theb.
224 2590 254 2623 Vi.
264 2595 303 2624 529.
315 2592 403 2624 iniusta
416 2592 465 2624 vice
475 2592 535 2624 Boeth.
544 2591 558 2625 Ι,
571 2591 621 2622 Metr.
630 2590 651 2622 V.
662 2593 689 2622 33.
701 2601 717 2633 p.
727 2590 785 2623 6394.
838 2619 841 2622 .

55 2668 62 2672 -
76 2652 102 2688 35,
112 2652 139 2680 31.
166 2648 187 2680 ab
201 2647 219 2679 0.
233 2648 334 2681 Sehneidero
349 2649 369 2681 de
383 2650 483 2682 auctoritate
496 2649 549 2682 Keilii
562 2648 612 2680 edita.

53 2726 60 2731 -
73 2710 101 2749 42,
110 2710 138 2739 20.
161 2706 180 2738 in
192 2716 228 2748 cap.
237 2705 285 2738 VIII.
