1780 2936
393 105 448 149 Caput
459 105 486 141 V¹¹
783 95 809 134 95

68 211 93 251 de
109 210 204 253 Oenonae
218 213 274 253 exitu
287 214 374 268 prodidit
388 214 510 267 Lycophron
526 214 553 252 57
565 210 601 262 ¹⁹¹³)
617 212 651 252 vel
665 213 701 261 iis,
721 224 771 264 quae
785 204 811 249 ile

67 281 155 333 Aesa'co,
171 282 286 324 Cebrenidis
300 283 406 336 Nymphae
422 283 545 322 Alerirhoae
561 281 601 320 filio
617 283 726 333 eodemque
738 280 812 321 Cebre-

68 351 120 391 nidis
142 352 264 406 Asteropes,
292 355 315 392 ut
338 365 399 405 supra
423 352 519 401 diximus,
546 353 634 390 amatore
652 353 712 403 atque
734 351 811 400 eadem,

128 514 148 543 19
154 511 172 553 b)
181 510 235 546 Quem
242 521 295 542 unum
301 511 362 541 testem
371 509 416 542 dedit
422 509 509 541 'Bachetus
517 508 528 539 l.
538 509 553 540 d⁴
561 518 578 548 p.
587 511 619 540 45?
633 507 653 539 cl.
662 507 750 541 Dederich.
761 509 809 541 Obss.

67 569 85 600 iu
98 569 142 600 Diet.
155 555 199 599 Oret.
210 567 244 605 'IV3
255 571 281 599 21.
294 578 311 608 p.
325 570 359 599 408
373 567 410 598 add.
425 566 447 598 Is.
463 566 532 597 Taetaes
549 553 569 606 p.¹
579 569 612 597 358
630 566 665 597 sive
683 566 747 597 Eudoe.
764 566 808 597 Viol.

67 629 132 667 pair.
148 629 190 657 329:
207 622 273 666 ἑαυτὴν
286 627 395 669 συεμυαιρεῖ
406 642 428 646 -
442 621 487 655 κατὰ
506 620 562 655 reads
575 620 609 655 τὸν
622 620 742 667 Λυκόφρονα
756 635 809 655 κατα-

67 684 150 714 πεσοῦσα
163 682 195 713 τοῦ
208 677 281 726 πύργου
294 683 311 713 et
322 680 347 713 Io.
361 680 416 712 Treta.
428 680 516 713 Posthom.
529 683 572 712 597:
590 676 683 716 deice-nic
695 676 810 725 Λυκόφρων,

68 736 106 770 ἀπὸ
119 734 192 784 πύργου
204 737 282 780 idemque
294 738 313 770 in
321 737 382 787 Auteh.
396 748 414 779 p,
425 741 447 788 ll
460 736 524 787 Schir.:
537 734 585 768 κατὰ
599 733 748 783 δὲ’ᾼυκόῳρυυα
762 734 809 769 ἀπὸ

19 790 20 793 '
68 797 111 827 τοῦ
124 792 216 840 πύργου
229 798 337 828 πεσοῦσα
350 794 376 827 cll.
386 795 442 827 Schol.
451 795 501 826 Rern.
512 793 575 826 Lucan.
588 793 600 825 l.
610 789 702 841 desero
714 789 735 826 se⁴
744 794 810 835 praeci-

23 893 25 896 Υ
67 853 133 894 pitavit.
166 852 241 885 Similem
259 853 322 884 exitum
339 855 446 895 quaerentem
458 844 553 883 Phaedram
565 851 628 883 Seneca
645 851 686 883 lacit
699 852 754 894 Hipp.
765 856 810 899 260:

3 942 5 945 ,
67 910 111 952 „An
127 910 180 942 missa
191 920 272 952 praeceps
286 921 324 942 arce
336 910 413 942 Palladia
426 910 510 941 οοᾱεσοέιι
539 908 572 940 Sed
589 919 649 949 operae
665 909 739 950 pretinm
755 910 809 942 estin

2 961 17 1007 'h
66 967 140 1000 medium
152 968 221 1010 afferre7
239 978 281 1011 quae
297 978 317 1000 ex
330 968 387 999 codice
399 967 482 1000 Beruensi
495 969 528 998 370
541 968 609 998 enotata
620 966 682 998 litteris
694 968 711 998 et
722 967 809 999 humanis·

31 1021 32 1025 ’
63 1025 109 1057 sime
121 1028 138 1057 et
150 1025 247 1058 doctissime
262 1026 330 1067 scriptis
346 1035 411 1058 mecum
427 1024 557 1057 communicavit
569 1023 655 1056 Usenerus
671 1024 739 1057 iamiam
756 1026 809 1072 Scho-

66 1083 129 1115 liorum
144 1082 210 1115 Lucani
224 1083 341 1124 recognitione
357 1082 498 1128 nonvulgarem
514 1080 581 1113 laudem
598 1081 694 1114 meriturus.
723 1082 756 1118 Qui
768 1084 809 1115 haec

42 1151 45 1154 ·
67 1140 181 1182 consignavit:
194 1134 295 1187 „luxerit
307 1143 375 1172 enone
387 1140 408 1172 ab
420 1140 452 1171 hac
463 1138 513 1170 Paris
526 1138 596 1170 dilectus
609 1141 644 1169 est:
656 1134 736 1180 quicum
748 1141 808 1173 aPhi-

67 1197 153 1230 loctete
167 1196 210 1240 (cod.
224 1197 260 1238 qui
273 1199 312 1230 ena
323 1196 437 1229 lilioctete
447 1195 519 1237 lineola,
534 1205 576 1237 quae
587 1195 653 1227 litterae
665 1206 677 1227 u
689 1197 769 1239 imposita
778 1201 808 1241 est,

67 1256 121 1297 erasa)
134 1255 199 1286 eccisus
217 1256 261 1286 esset
273 1255 360 1296 acceptum
371 1253 502 1286 vulnusherbis
515 1252 614 1295 quibusdam
627 1253 730 1286 animaverat
741 1266 807 1287 rursus-

68 1321 99 1353 que
111 1322 149 1343 eum
161 1322 212 1354 passa
224 1314 249 1343 est
261 1311 313 1351 mori,
328 1321 364 1342 cum
377 1311 406 1343 ille
418 1312 486 1352 recepto
498 1309 560 1351 spiritu
572 1309 667 1342 nominaret
674 1311 757 1344 Helenam
770 1323 808 1345 cuni

67 1369 153 1410 suspirio
166 1367 211 1411 (cod.
224 1372 248 1401 ou
261 1368 364 1411 suspiria).
370 1368 380 1384 “
403 1368 446 1400 Rem
460 1367 481 1399 ad
493 1367 571 1399 Oenonae
584 1365 724 1401 eristimationem
737 1371 808 1402 maxime

66 1426 160 1468 insignem,
177 1436 215 1457 cum
226 1426 315 1458 Parthenii
330 1428 347 1457 et
364 1424 438 1457 cononis
453 1425 550 1457 narratione
564 1424 686 1468 discrepantem
704 1437 724 1459 er
735 1427 808 1459 Alexan-

67 1484 112 1515 drini
129 1483 215 1530 cuiusdam
231 1483 319 1524 scriptoris
335 1483 389 1524 elegia
406 1485 490 1524 sumptam
506 1493 542 1514 esse
558 1482 645 1524 praeclare
658 1484 753 1526 suspicatur
765 1486 808 1518 Use-

66 1551 125 1573 nerus:
144 1540 182 1583 ipse
199 1551 220 1573 au
236 1539 358 1572 Callimachum
374 1540 431 1582 potius
448 1550 497 1582 quam
509 1539 594 1572 Philetam
611 1540 638 1572 vel
653 1541 808 1576 Hermesianactenr

67 1601 151 1630 auctorem
163 1598 225 1639 dicam,
244 1597 302 1629 dubito
315 1597 335 1629 cf.
348 1597 367 1628 ir.
377 1600 416 1629 219.
429 1609 445 1639 p.
455 1600 496 1629 263:
514 1595 619 1639 Τεθυαίηυ,
636 1595 663 1630 ὅτ’
676 1598 749 1632 {zituar
761 1599 808 1633 ἀπο-

8 1673 18 1688 =.
67 1652 173 1688 πυεύσυντα
187 1657 286 1699 πυθοίμην
299 1653 369 1697 (Conon.
383 1654 394 1687 l.
404 1654 418 1685 d.
430 1666 447 1697 p.
457 1657 543 1695 133528:
559 1652 592 1696 τὴν
607 1653 627 1687 δὲ
639 1652 697 1700 μήπω
709 1658 807 1703 πεπυσμέ·

66 1708 148 1753 υηνπὴν
163 1708 247 1752 τελευτὴν
263 1708 365 1756 μετάμελος
382 1708 431 1756 ὅμως
447 1708 510 1746 derude
526 1709 567 1753 εἶχε,
591 1710 672 1744 Parthen.
690 1723 707 1754 p.
718 1716 761 1753 155,
777 1717 808 1746 16:

67 1765 166 1813 ἀθυμήσας
184 1764 193 1799 ὁ
209 1767 326 1814 Ἀλέξανδρος
343 1768 465 1810 ἓξεπυευσευ).
491 1767 619 1809 illudquidem
630 1779 665 1800 non
675 1772 737 1802 temere
749 1771 808 1804 videor

67 1825 148 1858 affirmare
161 1834 181 1857 ex
193 1824 267 1857 eiusdem
279 1827 339 1865 poetae
352 1825 424 1856 carmine
433 1825 483 1870 (περὶ
491 1826 529 1856 πῶυ
537 1823 615 1867 Schola
623 1827 736 1871 πσταμῶυέ)
749 1838 806 1860 mana-

66 1883 120 1925 visse,
134 1882 178 1924 quod
189 1881 209 1915 de
221 1881 357 1914 Cebrenidis
370 1881 502 1914 fluminibus
516 1880 580 1914 luctu
597 1882 668 1914 aridis
681 1883 756 1924 prodidit
768 1885 813 1917 sea-v

54 1940 106 1979 ‘tius
125 1939 158 1972 Sed
169 1938 241 1972 alterum
253 1939 330 1972 scholion
342 1939 436 1972 subiectum
447 1949 483 1971 esse
491 1938 576 1971 Usenerus
585 1938 632 1971 addit
638 1940 697 1971 hocce:
710 1941 808 1983 „luserit

67 1998 152 2029 Oenone
164 1997 239 2039 nympha
251 1995 351 2029 Cebrenis
364 1996 407 2039 (cod.
419 2000 441 2030 ni
456 1995 688 2040 facelebrifluminis)
701 1997 737 2030 filia
747 1999 807 2032 Paridi

66 2054 150 2095 quondam
164 2056 228 2094 nupta,
245 2063 282 2085 cum
297 2053 327 2085 ille
343 2053 427 2086 Helenam
442 2054 550 2095 rapuisset,
565 2053 595 2085 diu
610 2052 657 2085 flevit
674 2057 695 2085 et
706 2055 750 2087 irata
763 2057 807 2097 (cod.

66 2110 131 2151 rapui
143 2109 172 2142 let
190 2109 233 2142 tliu.
246 2110 322 2142 Fleuit
337 2110 405 2152 irata)
418 2110 483 2142 occulte
494 2110 548 2142 filium
560 2120 608 2141 suum
618 2110 671 2142 mittit
684 2111 705 2143 ad
718 2113 806 2145 Graecos

66 2166 110 2209 (cod.
123 2166 200 2209 grecos)
213 2167 270 2199 dicens
283 2167 335 2199 Hium
347 2167 385 2209 capi
396 2177 431 2200 non
442 2178 492 2209 posse
504 2167 539 2200 uisi
550 2166 646 2199 Palladium
657 2167 717 2201 luisset
725 2174 805 2213 ereptum.

67 2234 108 2265 quae
124 2226 181 2256 tamen
197 2235 234 2256 cnm
246 2224 295 2256 Paris
309 2227 353 2257 esset
365 2225 439 2265 occisus,
453 2234 493 2256 saro
507 2235 525 2256 se
538 2224 581 2267 (cod.
594 2234 645 2257 saro
658 2223 691 2270 ΗΙΙ
707 2226 740 2270 se)
757 2239 805 2270 prae-

66 2280 148 2321 cipitavit.
154 2281 164 2298 “
188 2280 234 2317 Quae
244 2281 284 2314 satis
294 2284 390 2322 congruunt
401 2292 439 2313 cum
447 2281 510 2314 Taetza
517 2281 536 2313 in
543 2282 585 2324 Lyc.
594 2285 622 2314 57.
633 2293 650 2324 p.
659 2285 691 2315 357
705 2287 721 2315 et
729 2284 806 2317 Eudocia

65 2336 111 2371 Viol.
123 2347 140 2379 p.
150 2340 189 2369 314.
202 2341 245 2370 330:
261 2335 284 2371 du
295 2335 386 2384 Ko'pvaov
397 2356 420 2361 -
434 2335 466 2371 <ha
477 2336 521 2373 τοὺς
535 2340 565 2379 τῆς
576 2337 646 2380 Ἑλένης
660 2336 735 2384 γάμους
747 2340 806 2379 ἔπεις-

66 2389 134 2429 damur
146 2391 298 2439 ἀγριωθεῐσα
314 2394 424 2438 ἔπεμψεν
435 2391 589 2439 ἡγησόμενον
604 2393 760 2438 τοῖςἛλλησι
773 2401 806 2431 τοῦ

66 2449 98 2482 ἐπὶ
112 2452 183 2495 Τροίαν
195 2450 245 2482 πλοῦ
256 2453 273 2482 et
286 2451 390 2484 Scholiastae
402 2451 456 2483 Paris.
468 2461 485 2492 p,
495 2454 524 2483 21:
540 2448 575 2483 miv
587 2448 660 2494 ὁδηγὸν
671 2452 807 2497 τῶνἙλλήυωυ

66 2503 111 2538 κατὰ
129 2506 160 2546 τῆς
175 2506 270 2552 πατρίδος.
294 2507 352 2539 Vindz
368 2505 451 2552 μηυύτηυ
465 2508 496 2540 καὶ
513 2504 607 2553 προδότην
619 2509 651 2552 τῇς
662 2509 757 2555 πατρίδος.
780 2511 806 2543 De

65 2561 143 2595 Palladio
160 2564 215 2594 autem
231 2562 280 2595 ah'ter
292 2564 350 2597 Conon
361 2565 412 2596 Narr.
420 2563 503 2598 XXXIV.
516 2574 532 2605 p.
542 2566 585 2604 139,
599 2567 642 2597 let
654 2564 723 2598 Servius
733 2567 752 2598 in
763 2568 805 2600 Aen.

65 2619 135 2652 Π,166.
148 2629 165 2660 p.
175 2621 215 2651 133:
233 2619 334 2652 Helenus
351 2621 396 2661 apud
406 2621 485 2653 Arisbam
502 2623 560 2662 captus
573 2630 583 2651 a
595 2620 665 2653 Graecis
678 2608 704 2654 est
716 2626 733 2655 et
744 2624 805 2656 indi-

66 2676 125 2709 cavit
139 2677 205 2708 coactus
220 2676 266 2708 fata
277 2677 382 2711 Troiana:
397 2678 416 2708 in
432 2678 492 2719 quihus
510 2677 576 2709 etiam
591 2677 613 2709 de
629 2679 730 2720 palladio
742 2680 805 2712 [lixit.

65 2751 87 2756 —
100 2733 135 2765 Alii
148 2733 205 2767 dicunt
216 2733 301 2766 Helenum
313 2744 347 2766 non
359 2736 437 2777 captum,
449 2734 478 2766 sed
489 2733 555 2775 delore,
568 2734 612 2776 quod
624 2739 664 2776 post
675 2739 746 2769 mortem
754 2737 804 2769 Pari-
