1780 2936
375 75 429 116 Caput
441 73 473 106 HI.
771 63 796 102 55

52 182 102 221 cont¹
113 180 149 221 Vl.
161 183 212 221 789ι
232 180 409 233 „Praecipitatque
424 181 479 219 retro
494 179 589 218 iuuenem
604 180 665 232 atque
680 178 705 218 in
721 179 798 230 terga

52 251 182 303 supinat“,
212 249 281 302 Eurip.
296 248 368 293 Bacch.
385 251 452 289 ioca:
472 243 544 300 λαβὼν
557 244 597 299 γὰρ
612 241 687 302 ἐλάτης
702 242 798 302 οὐράνιον

51 315 127 359 κλάδον
140 314 293 375 licitam-cta
302 315 370 370 μέλον
386 313 454 357 πέδον
467 311 628 356 Ἔνονλοῦτο
640 314 657 355 δ’
669 311 725 355 ὥστε
735 310 798 366 τόξον

51 383 64 443 ἢ
79 385 176 442 κυρτὸς
190 401 237 442 τρο
242 381 296 437 χός,
322 387 380 431 Quae
398 385 510 425 emendatio
521 382 650 423 confirmatur
660 397 709 424 uoce
719 386 796 432 vieti,

52 468 111 507 quam
125 458 148 495 ut
162 456 184 494 in
198 469 268 495 vocem
281 454 365 494 vincti
376 453 467 493 converti
476 454 534 492 uetat
543 452 652 491 uerborum
662 454 796 505 ordo-neque

52 524 105 563 enim
112 525 198 576 legimus
208 524 312 563 uinctos
322 522 413 561 homines
424 523 514 561 trabibus
525 534 590 573 supp
598 520 682 560 ositos
694 521 756 560 fuisse
767 545 795 571 —,

50 593 79 631 ita
95 593 116 631 in
136 604 181 630 earu
202 591 322 630 sententiam
342 590 481 643 explicandam
502 602 548 629 esse
566 590 611 641 ipsa
630 602 663 628 res
684 591 751 639 docet,
773 593 797 629 ut

50 661 135 699 uictos
157 659 295 710 intelligamus
313 672 348 698 eos
367 659 468 711 hospites,
493 659 526 710 qui
545 658 566 697 in
587 657 705 697 sustinendo
726 670 797 697 curra-

50 730 117 767 tarum
132 728 226 767 arborum
240 728 329 780 pondere
345 729 406 778 atque
420 728 507 779 impetu,
523 728 547 765 ut
562 739 623 778 supra
640 729 657 765 1.
672 739 691 778 p.
703 729 731 766 50
746 726 796 765 disi-

50 809 106 845 mus,
119 795 228 835 deficerent
242 796 292 835 conf.
302 795 389 835 hlartial
400 794 438 833 XI.
450 798 484 844 41,
496 798 519 835 3:
535 825 545 845 „
553 794 654 834 Cedentes
665 796 721 834 oneri
730 807 797 834 ramos

50 864 163 914 silvamque
187 864 284 903 fluentem
306 864 381 904 Vicit
405 876 513 902 concussas
536 862 580 915 ipse
604 866 702 915 sequutus
726 866 796 916 opes“.

49 933 153 972 Postremo
164 932 256 972 similiter
266 934 354 972 erratum
365 935 397 971 est
407 946 419 971 a
428 932 515 971 librariis
526 932 579 984 apud
589 933 691 972 lustinum
701 931 748 970 VH.
758 935 795 981 at

49 1003 70 1040 et
80 1000 191 1040 Arnobium
202 1001 226 1040 V.
235 1004 267 1041 36.
281 1015 300 1053 p
309 1002 360 1041 194:
371 1014 447 1053 „neque
458 1001 552 1052 potestis
569 1013 579 1039 o
585 1013 598 1052 p
604 1002 706 1051 ponere.“
719 1000 796 1042 hleurs.

50 1082 182 1122 supponere.
195 1068 211 1108 l.
223 1072 255 1108 62.
269 1083 288 1121 p.
299 1072 326 1108 42
337 1083 375 1122 sp:
389 1070 466 1121 „ipsam
476 1069 556 1122 perpeti
566 1069 743 1108 succubuisset“.
757 1068 796 1107 hls.

49 1139 194 1177 occuhiusset,
218 1138 274 1188 Ergo
284 1138 334 1176 haec
345 1139 369 1177 ab
380 1138 485 1177 Lactantio
496 1137 575 1189 prodita
585 1136 648 1175 fuisse
658 1137 795 1177 defendimus:

79 1205 189 1254 Referunt,
212 1206 378 1257 quemadmodum
397 1208 477 1245 taurum
496 1204 645 1244 Marathoniam
665 1206 686 1244 et
702 1218 794 1257 ¹aprum

44 1265 56 1268 Η
71 1265 265 1325 Oromyonium'
275 1274 420 1331 interemisset,
434 1276 458 1313 ut
472 1274 651 1326 Periphetam,
666 1273 794 1324 Procrusten,

78 1341 213 1397 Cercyonem,
229 1341 314 1392 Sinin,
338 1343 372 1394 qui
388 1343 456 1381 trabes
472 1343 617 1394 supinabat
632 1342 794 1395 hospitibus,

78 1410 107 1449 ita
121 1411 145 1449 ut
159 1409 208 1449 victi
223 1399 388 1450 exanimarentur
403 1411 428 1450 ab
442 1411 473 1449 iis.
697 1405 699 1407 V

410 1521 432 1569 4.

116 1613 143 1653 Et
153 1614 173 1652 hi
183 1613 269 1665 quidem,
281 1626 330 1664 quos
341 1614 379 1652 hoc
390 1615 455 1667 capite
465 1615 624 1666 percensuimus,
638 1616 693 1668 ipsos
704 1616 794 1669 hospites

45 1682 103 1735 pinos
122 1681 289 1734 aPityocampta
308 1681 329 1719 in
344 1682 419 1721 terram
437 1682 502 1721 flexas
518 1684 591 1722 missas
607 1684 679 1723 fecisse
694 1686 793 1734 referunt3

45 1750 117 1802 reliqui
131 1749 241 1800 vulgatiori
257 1750 321 1788 famae
337 1751 415 1789 assensi
429 1751 453 1790 ab
468 1751 512 1803 ipso
526 1751 666 1805 Pityocampta
683 1754 704 1792 id
718 1754 794 1794 facturn

46 1831 92 1858 esse
112 1818 206 1868 tradunt,
226 1819 249 1857 ut
268 1820 349 1870 praeter
363 1819 483 1859 Pausaniam
502 1820 601 1872 aliosque,
623 1834 672 1872 quos
693 1836 729 1862 nos
750 1836 792 1875 cap.

45 1887 81 1926 LI
93 1889 157 1926 testes
168 1887 270 1936 dedimus,
285 1887 308 1937 ii,
324 1901 375 1939 quos
386 1891 541 1941 composuerunt
551 1888 648 1929 Heinsius
658 1890 710 1930 hev.
721 1891 748 1930 Π.
760 1894 792 1931 10.
804 1933 805 1936 ¹

45 1969 64 2008 p.
76 1958 117 1995 281
135 1957 156 1994 et
172 1954 319 1995 Valckenarius
333 1956 355 1994 in
369 1950 439 2009 Eurip.
453 1956 513 2010 Hipp.
525 1961 572 1997 ott.
587 1972 605 2011 p.
617 1961 659 1998 268
676 1973 713 2012 sq„
734 1958 792 2000 OVI-

45 2023 111 2064 DIVS
129 2027 150 2063 et
163 2023 277 2074 SENECA,
309 2024 400 2070 Quorum
413 2026 448 2065 ille
461 2026 482 2065 in
496 2025 545 2066 hlet.
556 2026 604 2066 VH.
618 2029 670 2067 440:

118 2086 196 2131 Occidit
209 2092 243 2131 ille
261 2086 313 2132 Sinis
328 2094 408 2144 magnis
422 2095 475 2134 male
491 2095 568 2135 viribus
584 2109 640 2145 usne,

119 2160 159 2204 Qui
175 2160 255 2212 poterat
270 2173 355 2201 curuare
371 2164 439 2202 trabes
455 2166 475 2202 et
488 2165 586 2214 agebat
601 2166 629 2203 ab
645 2165 698 2204 alto

118 2228 151 2267 Ad
165 2230 241 2269 terram
255 2231 296 2269 late
311 2243 455 2283 sparsuras
471 2246 580 2285 corpora
595 2234 673 2286 pinus

46 2298 67 2336 et
82 2298 198 2350 expressius
213 2299 234 2337 in
248 2298 277 2338 Ib.
292 2300 346 2339 407:

43 2410 44 2413 Ἴ
75 2365 155 2419 Quique
166 2367 233 2407 trahes
248 2381 358 2420 pressas
374 2370 404 2409 ab
418 2370 491 2409 humo
507 2370 631 2409 mittebat
644 2370 670 2409 in
685 2383 763 2410 auras

104 2434 205 2486 Aequoris
220 2437 333 2489 adspiciens
349 2438 408 2477 huius
424 2439 445 2477 et
460 2438 520 2478 huius
537 2451 605 2491 aqiras,

45 2503 79 2543 uhi
98 2504 151 2555 quod
172 2506 193 2543 et
207 2504 370 2545 Vindobonensis
388 2508 439 2546 liber
457 2508 518 2546 habet
535 2510 556 2546 et
570 2509 673 2547 doctorum
687 2509 792 2548 hominum

46 2585 156 2613 consensus
177 2574 255 2612 tuetur:
280 2587 400 2626 pressas,
418 2576 439 2615 id
458 2589 499 2616 uon
514 2577 573 2615 dubie
588 2576 682 2616 confirmo
698 2578 791 2630 exemplo

46 2641 113 2682 Nouni
123 2641 199 2682 XLVI.
211 2645 259 2682 152.
274 2656 293 2695 p.
305 2646 372 2693 1188,
384 2647 421 2683 17;
433 2639 563 2700 Ἀκρότατον
574 2642 597 2686 δὲ
608 2640 715 2701 κόρυμβον
726 2642 791 2700 οἶφε-ι-

46 2707 82 2751 tet
96 2708 152 2766 χειρὶ
173 2707 274 2761 πιέζων
288 2707 327 2759 Εἷς
347 2710 426 2766 πέδον,
448 2709 479 2763 εἰς
495 2711 563 2755 πέδον
577 2706 653 2756 εἷλκε
668 2716 718 2756 coni.
734 2716 791 2767 Virg.
