<?xml version="1.0" encoding="UTF-8"?>
<!DOCTYPE html PUBLIC "-//W3C//DTD XHTML 1.0 Transitional//EN"
    "http://www.w3.org/TR/xhtml1/DTD/xhtml1-transitional.dtd">
<html xmlns="http://www.w3.org/1999/xhtml" xml:lang="en" lang="en">
 <head>
  <title>
</title>
<meta http-equiv="Content-Type" content="text/html;charset=utf-8" />
  <meta name='ocr-system' content='tesseract 3.04.00' />
  <meta name='ocr-capabilities' content='ocr_page ocr_carea ocr_par ocr_line ocrx_word'/>
</head>
<body>
  <div class='ocr_page' id='page_1' title='image "MN40028ucmf_5_0160.png"; bbox 0 0 1780 2885; ppageno 0'>
   <div class='ocr_carea' id='block_1_1' title="bbox 366 92 501 137">
    <p class='ocr_par' dir='ltr' id='par_1_1' title="bbox 366 92 501 137">
     <span class='ocr_line' id='line_1_1' title="bbox 366 92 501 137; baseline -0.007 -11"><span class='ocrx_word' id='word_1_1' title='bbox 366 131 369 137; x_wconf 39' lang='grc' dir='ltr'>Ι</span> <span class='ocrx_word' id='word_1_2' title='bbox 394 93 448 134; x_wconf 79' lang='lat' dir='ltr'>Caput</span> <span class='ocrx_word' id='word_1_3' title='bbox 461 92 501 127; x_wconf 74' lang='lat' dir='ltr'>VH.</span> 
     </span>
    </p>
   </div>
   <div class='ocr_carea' id='block_1_2' title="bbox 158 196 694 458">
    <p class='ocr_par' dir='ltr' id='par_1_2' title="bbox 158 196 694 320">
     <span class='ocr_line' id='line_1_2' title="bbox 158 196 637 238; baseline 0 -1"><span class='ocrx_word' id='word_1_4' title='bbox 158 196 258 237; x_wconf 73' lang='lat' dir='ltr'>Mercurio</span> <span class='ocrx_word' id='word_1_5' title='bbox 274 198 361 237; x_wconf 88' lang='lat' dir='ltr'>suetis</span> <span class='ocrx_word' id='word_1_6' title='bbox 376 197 439 236; x_wconf 82' lang='lat' dir='ltr'>fertur</span> <span class='ocrx_word' id='word_1_7' title='bbox 453 196 565 237; x_wconf 80' lang='lat' dir='ltr'>Boebeidos</span> <span class='ocrx_word' id='word_1_8' title='bbox 578 198 637 238; x_wconf 88' lang='lat' dir='ltr'>undis</span> 
     </span>
     <span class='ocr_line' id='line_1_3' title="bbox 186 265 694 320; baseline 0 -13"><span class='ocrx_word' id='word_1_9' title='bbox 186 266 309 319; x_wconf 70' lang='lat' dir='ltr'>Virgineurn</span> <span class='ocrx_word' id='word_1_10' title='bbox 323 265 417 306; x_wconf 86' lang='lat' dir='ltr'>Brimus</span> <span class='ocrx_word' id='word_1_11' title='bbox 432 272 482 306; x_wconf 89' lang='lat' dir='ltr'>tam</span> <span class='ocrx_word' id='word_1_12' title='bbox 497 267 620 320; x_wconf 71' lang='lat' dir='ltr'>placuisse</span> <span class='ocrx_word' id='word_1_13' title='bbox 634 268 694 309; x_wconf 87' lang='lat' dir='ltr'>latus.</span> 
     </span>
    </p>

    <p class='ocr_par' dir='ltr' id='par_1_3' title="bbox 159 336 681 458">
     <span class='ocr_line' id='line_1_4' title="bbox 159 336 681 389; baseline 0.002 -13"><span class='ocrx_word' id='word_1_14' title='bbox 159 336 229 377; x_wconf 78' lang='lat' dir='ltr'>Oedite</span> <span class='ocrx_word' id='word_1_15' title='bbox 244 337 294 386; x_wconf 83' lang='lat' dir='ltr'>iarn,</span> <span class='ocrx_word' id='word_1_16' title='bbox 308 336 376 386; x_wconf 79' lang='lat' dir='ltr'>divae,</span> <span class='ocrx_word' id='word_1_17' title='bbox 392 347 442 387; x_wconf 74' lang='lat' dir='ltr'>quas</span> <span class='ocrx_word' id='word_1_18' title='bbox 458 338 527 389; x_wconf 86' lang='lat' dir='ltr'>pastor</span> <span class='ocrx_word' id='word_1_19' title='bbox 541 337 621 377; x_wconf 73' lang='lat' dir='ltr'>xdderat</span> <span class='ocrx_word' id='word_1_20' title='bbox 635 338 681 377; x_wconf 90' lang='lat' dir='ltr'>olim</span> 
     </span>
     <span class='ocr_line' id='line_1_5' title="bbox 187 405 566 458; baseline 0.003 -13"><span class='ocrx_word' id='word_1_21' title='bbox 187 405 254 447; x_wconf 85' lang='lat' dir='ltr'>ldaeis</span> <span class='ocrx_word' id='word_1_22' title='bbox 270 406 347 446; x_wconf 86' lang='lat' dir='ltr'>tunicas</span> <span class='ocrx_word' id='word_1_23' title='bbox 360 418 436 458; x_wconf 89' lang='lat' dir='ltr'>ponere</span> <span class='ocrx_word' id='word_1_24' title='bbox 451 405 566 446; x_wconf 78' lang='lat' dir='ltr'>uerticibus.</span> 
     </span>
    </p>
   </div>
   <div class='ocr_carea' id='block_1_3' title="bbox 68 550 813 2165">
    <p class='ocr_par' dir='ltr' id='par_1_4' title="bbox 431 550 453 599">
     <span class='ocr_line' id='line_1_6' title="bbox 431 550 453 599; baseline 0.091 -2"><span class='ocrx_word' id='word_1_25' title='bbox 431 550 453 599; x_wconf 82' lang='lat'>3.</span> 
     </span>
    </p>

    <p class='ocr_par' dir='ltr' id='par_1_5' title="bbox 68 654 813 2165">
     <span class='ocr_line' id='line_1_7' title="bbox 75 654 812 710; baseline 0 -15"><span class='ocrx_word' id='word_1_26' title='bbox 75 673 77 675; x_wconf 88' lang='lat'>·</span> <span class='ocrx_word' id='word_1_27' title='bbox 129 656 246 695; x_wconf 83' lang='lat' dir='ltr'>Reddamus</span> <span class='ocrx_word' id='word_1_28' title='bbox 261 656 307 705; x_wconf 78' lang='lat' dir='ltr'>iam,</span> <span class='ocrx_word' id='word_1_29' title='bbox 323 657 376 709; x_wconf 83' lang='lat' dir='ltr'>quod</span> <span class='ocrx_word' id='word_1_30' title='bbox 391 670 452 709; x_wconf 88' lang='lat' dir='ltr'>supra</span> <span class='ocrx_word' id='word_1_31' title='bbox 461 657 594 710; x_wconf 87' lang='lat' dir='ltr'>promisimus.</span> <span class='ocrx_word' id='word_1_32' title='bbox 619 657 700 697; x_wconf 86' lang='lat' dir='ltr'>Etenim</span> <span class='ocrx_word' id='word_1_33' title='bbox 709 654 812 708; x_wconf 88' lang='lat' dir='ltr'>Hauptius</span> 
     </span>
     <span class='ocr_line' id='line_1_8' title="bbox 70 725 812 779; baseline 0.001 -16"><span class='ocrx_word' id='word_1_34' title='bbox 70 726 159 764; x_wconf 85' lang='lat' dir='ltr'>Prooem.</span> <span class='ocrx_word' id='word_1_35' title='bbox 179 725 222 764; x_wconf 81' lang='lat' dir='ltr'>lnd.</span> <span class='ocrx_word' id='word_1_36' title='bbox 241 725 306 765; x_wconf 86' lang='lat' dir='ltr'>Lectt.</span> <span class='ocrx_word' id='word_1_37' title='bbox 324 725 389 766; x_wconf 85' lang='lat' dir='ltr'>Benol.</span> <span class='ocrx_word' id='word_1_38' title='bbox 409 725 486 766; x_wconf 75' lang='lat' dir='ltr'>Aestiu.</span> <span class='ocrx_word' id='word_1_39' title='bbox 511 729 567 765; x_wconf 82' lang='grc'>1864</span> <span class='ocrx_word' id='word_1_40' title='bbox 587 727 638 765; x_wconf 86' lang='lat' dir='ltr'>haec</span> <span class='ocrx_word' id='word_1_41' title='bbox 656 726 737 779; x_wconf 84' lang='lat' dir='ltr'>scripsit</span> <span class='ocrx_word' id='word_1_42' title='bbox 756 739 774 778; x_wconf 90' lang='lat' dir='ltr'>p.</span> <span class='ocrx_word' id='word_1_43' title='bbox 790 728 812 765; x_wconf 78' lang='lat'>6:</span> 
     </span>
     <span class='ocr_line' id='line_1_9' title="bbox 70 794 813 847; baseline -0.001 -13"><span class='ocrx_word' id='word_1_44' title='bbox 70 795 192 846; x_wconf 73' lang='lat' dir='ltr'>„Pfiugkius</span> <span class='ocrx_word' id='word_1_45' title='bbox 206 796 260 847; x_wconf 85' lang='lat' dir='ltr'>apud</span> <span class='ocrx_word' id='word_1_46' title='bbox 275 794 392 847; x_wconf 79' lang='lat' dir='ltr'>Euripidem</span> <span class='ocrx_word' id='word_1_47' title='bbox 401 794 461 835; x_wconf 85' lang='lat' dir='ltr'>Herc.</span> <span class='ocrx_word' id='word_1_48' title='bbox 476 794 523 835; x_wconf 79' lang='lat' dir='ltr'>Tur.</span> <span class='ocrx_word' id='word_1_49' title='bbox 535 797 576 834; x_wconf 75' lang='lat'>471</span> <span class='ocrx_word' id='word_1_50' title='bbox 594 795 672 835; x_wconf 87' lang='lat' dir='ltr'>censuit</span> <span class='ocrx_word' id='word_1_51' title='bbox 686 794 813 835; x_wconf 88' lang='lat' dir='ltr'>scribendum</span> 
     </span>
     <span class='ocr_line' id='line_1_10' title="bbox 70 860 813 917; baseline 0.001 -16"><span class='ocrx_word' id='word_1_52' title='bbox 70 876 116 902; x_wconf 90' lang='lat' dir='ltr'>esse</span> <span class='ocrx_word' id='word_1_53' title='bbox 132 860 193 913; x_wconf 71' lang='grc' dir='ltr'><em>ξύλον</em></span> <span class='ocrx_word' id='word_1_54' title='bbox 208 886 236 892; x_wconf 72' lang='lat'>—</span> <span class='ocrx_word' id='word_1_55' title='bbox 253 860 374 903; x_wconf 73' lang='grc' dir='ltr'><em>Μαινάλου.</em></span> <span class='ocrx_word' id='word_1_56' title='bbox 406 864 487 917; x_wconf 73' lang='lat' dir='ltr'>Quippe</span> <span class='ocrx_word' id='word_1_57' title='bbox 501 864 618 904; x_wconf 88' lang='lat' dir='ltr'>recordatus</span> <span class='ocrx_word' id='word_1_58' title='bbox 634 865 677 903; x_wconf 86' lang='lat' dir='ltr'>erat</span> <span class='ocrx_word' id='word_1_59' title='bbox 687 863 813 916; x_wconf 87' lang='lat' dir='ltr'>Propertiani</span> 
     </span>
     <span class='ocr_line' id='line_1_11' title="bbox 70 932 812 985; baseline 0 -14"><span class='ocrx_word' id='word_1_60' title='bbox 70 932 165 972; x_wconf 80' lang='lat' dir='ltr'>versiculi</span> <span class='ocrx_word' id='word_1_61' title='bbox 181 932 206 972; x_wconf 78' lang='lat' dir='ltr'>V.</span> <span class='ocrx_word' id='word_1_62' title='bbox 227 936 249 982; x_wconf 79' lang='grc'>9,</span> <span class='ocrx_word' id='word_1_63' title='bbox 270 935 307 973; x_wconf 82' lang='grc'>15;</span> <span class='ocrx_word' id='word_1_64' title='bbox 333 932 463 973; x_wconf 77' lang='lat' dir='ltr'>Maenalio</span> <span class='ocrx_word' id='word_1_65' title='bbox 484 933 546 973; x_wconf 85' lang='lat' dir='ltr'>iacuit</span> <span class='ocrx_word' id='word_1_66' title='bbox 566 933 638 985; x_wconf 89' lang='lat' dir='ltr'>pulsus</span> <span class='ocrx_word' id='word_1_67' title='bbox 662 933 701 972; x_wconf 85' lang='lat' dir='ltr'>tria</span> <span class='ocrx_word' id='word_1_68' title='bbox 721 933 812 985; x_wconf 88' lang='lat' dir='ltr'>tempora</span> 
     </span>
     <span class='ocr_line' id='line_1_12' title="bbox 70 1001 811 1054; baseline -0.001 -13"><span class='ocrx_word' id='word_1_69' title='bbox 70 1014 137 1041; x_wconf 86' lang='lat' dir='ltr'>ramo</span> <span class='ocrx_word' id='word_1_70' title='bbox 157 1001 243 1042; x_wconf 79' lang='lat' dir='ltr'>Cacus.</span> <span class='ocrx_word' id='word_1_71' title='bbox 279 1001 319 1041; x_wconf 80' lang='lat' dir='ltr'>Sed</span> <span class='ocrx_word' id='word_1_72' title='bbox 342 1015 436 1042; x_wconf 81' lang='lat' dir='ltr'>ueremur</span> <span class='ocrx_word' id='word_1_73' title='bbox 456 1016 482 1041; x_wconf 91' lang='lat' dir='ltr'>ne</span> <span class='ocrx_word' id='word_1_74' title='bbox 501 1003 644 1054; x_wconf 78' lang='lat' dir='ltr'>intempestiue</span> <span class='ocrx_word' id='word_1_75' title='bbox 664 1001 811 1041; x_wconf 85' lang='lat' dir='ltr'>eruditissimus</span> 
     </span>
     <span class='ocr_line' id='line_1_13' title="bbox 69 1070 810 1124; baseline -0.001 -13"><span class='ocrx_word' id='word_1_76' title='bbox 69 1072 129 1111; x_wconf 89' lang='lat' dir='ltr'>homo</span> <span class='ocrx_word' id='word_1_77' title='bbox 143 1071 235 1110; x_wconf 73' lang='lat' dir='ltr'>carminis</span> <span class='ocrx_word' id='word_1_78' title='bbox 249 1071 304 1110; x_wconf 88' lang='lat' dir='ltr'>illius</span> <span class='ocrx_word' id='word_1_79' title='bbox 318 1071 438 1123; x_wconf 67' lang='lat' dir='ltr'>meminerit,</span> <span class='ocrx_word' id='word_1_80' title='bbox 454 1081 520 1124; x_wconf 81' lang='lat' dir='ltr'>neque</span> <span class='ocrx_word' id='word_1_81' title='bbox 535 1072 588 1111; x_wconf 82' lang='lat' dir='ltr'>enini</span> <span class='ocrx_word' id='word_1_82' title='bbox 598 1072 642 1111; x_wconf 89' lang='lat' dir='ltr'>tuto</span> <span class='ocrx_word' id='word_1_83' title='bbox 653 1070 754 1123; x_wconf 70' lang='lat' dir='ltr'>colligitur</span> <span class='ocrx_word' id='word_1_84' title='bbox 763 1083 810 1123; x_wconf 88' lang='lat' dir='ltr'>poe-</span> 
     </span>
     <span class='ocr_line' id='line_1_14' title="bbox 70 1139 811 1193; baseline 0.001 -14"><span class='ocrx_word' id='word_1_85' title='bbox 70 1142 101 1180; x_wconf 88' lang='lat' dir='ltr'>tas</span> <span class='ocrx_word' id='word_1_86' title='bbox 116 1140 199 1180; x_wconf 84' lang='lat' dir='ltr'>Latinos</span> <span class='ocrx_word' id='word_1_87' title='bbox 219 1141 337 1193; x_wconf 72' lang='lat' dir='ltr'>ubicumque</span> <span class='ocrx_word' id='word_1_88' title='bbox 357 1140 428 1193; x_wconf 89' lang='lat' dir='ltr'>topicis</span> <span class='ocrx_word' id='word_1_89' title='bbox 442 1141 555 1181; x_wconf 86' lang='lat' dir='ltr'>nominibus</span> <span class='ocrx_word' id='word_1_90' title='bbox 570 1154 654 1193; x_wconf 87' lang='lat' dir='ltr'>quorum</span> <span class='ocrx_word' id='word_1_91' title='bbox 668 1139 811 1192; x_wconf 78' lang='lat' dir='ltr'>causasigno-</span> 
     </span>
     <span class='ocr_line' id='line_1_15' title="bbox 69 1208 811 1262; baseline -0.003 -13"><span class='ocrx_word' id='word_1_92' title='bbox 69 1223 137 1249; x_wconf 87' lang='lat' dir='ltr'>ramus</span> <span class='ocrx_word' id='word_1_93' title='bbox 157 1210 244 1249; x_wconf 87' lang='lat' dir='ltr'>carmina</span> <span class='ocrx_word' id='word_1_94' title='bbox 255 1223 292 1249; x_wconf 83' lang='lat' dir='ltr'>sua</span> <span class='ocrx_word' id='word_1_95' title='bbox 317 1212 440 1249; x_wconf 77' lang='lat' dir='ltr'>ornaverunt</span> <span class='ocrx_word' id='word_1_96' title='bbox 458 1211 538 1250; x_wconf 87' lang='lat' dir='ltr'>secutos</span> <span class='ocrx_word' id='word_1_97' title='bbox 557 1223 604 1249; x_wconf 88' lang='lat' dir='ltr'>esse</span> <span class='ocrx_word' id='word_1_98' title='bbox 623 1209 735 1262; x_wconf 80' lang='lat' dir='ltr'>incognitas</span> <span class='ocrx_word' id='word_1_99' title='bbox 754 1208 811 1250; x_wconf 85' lang='lat' dir='ltr'>nobis</span> 
     </span>
     <span class='ocr_line' id='line_1_16' title="bbox 69 1278 812 1332; baseline -0.001 -13"><span class='ocrx_word' id='word_1_100' title='bbox 69 1280 163 1319; x_wconf 78' lang='lat' dir='ltr'>rationes,</span> <span class='ocrx_word' id='word_1_101' title='bbox 189 1279 303 1332; x_wconf 76' lang='lat' dir='ltr'>exemplum</span> <span class='ocrx_word' id='word_1_102' title='bbox 323 1279 353 1318; x_wconf 92' lang='lat' dir='ltr'>rei</span> <span class='ocrx_word' id='word_1_103' title='bbox 374 1279 458 1331; x_wconf 82' lang='lat' dir='ltr'>praehet</span> <span class='ocrx_word' id='word_1_104' title='bbox 477 1279 531 1318; x_wconf 88' lang='lat' dir='ltr'>aliud</span> <span class='ocrx_word' id='word_1_105' title='bbox 552 1279 641 1318; x_wconf 89' lang='lat' dir='ltr'>eiusdem</span> <span class='ocrx_word' id='word_1_106' title='bbox 656 1278 755 1331; x_wconf 85' lang='lat' dir='ltr'>Propertii</span> <span class='ocrx_word' id='word_1_107' title='bbox 769 1291 812 1318; x_wconf 89' lang='lat' dir='ltr'>car-</span> 
     </span>
     <span class='ocr_line' id='line_1_17' title="bbox 70 1347 811 1398; baseline -0.001 -10"><span class='ocrx_word' id='word_1_108' title='bbox 70 1362 118 1388; x_wconf 87' lang='lat' dir='ltr'>men</span> <span class='ocrx_word' id='word_1_109' title='bbox 130 1349 146 1387; x_wconf 86' lang='lat' dir='ltr'>l.</span> <span class='ocrx_word' id='word_1_110' title='bbox 162 1352 186 1398; x_wconf 84' lang='lat'>3,</span> <span class='ocrx_word' id='word_1_111' title='bbox 201 1350 224 1388; x_wconf 82' lang='lat'>5:</span> <span class='ocrx_word' id='word_1_112' title='bbox 248 1362 285 1388; x_wconf 88' lang='lat' dir='ltr'>nec</span> <span class='ocrx_word' id='word_1_113' title='bbox 300 1348 366 1388; x_wconf 88' lang='lat' dir='ltr'>minus</span> <span class='ocrx_word' id='word_1_114' title='bbox 382 1347 468 1388; x_wconf 77' lang='lat' dir='ltr'>assiduis</span> <span class='ocrx_word' id='word_1_115' title='bbox 481 1348 578 1388; x_wconf 82' lang='lat' dir='ltr'>Edonis</span> <span class='ocrx_word' id='word_1_116' title='bbox 593 1348 647 1388; x_wconf 85' lang='lat' dir='ltr'>fessa</span> <span class='ocrx_word' id='word_1_117' title='bbox 662 1348 741 1388; x_wconf 75' lang='lat' dir='ltr'>choreis</span> <span class='ocrx_word' id='word_1_118' title='bbox 756 1347 811 1394; x_wconf 76' lang='lat' dir='ltr'>Qua-</span> 
     </span>
     <span class='ocr_line' id='line_1_18' title="bbox 70 1416 810 1470; baseline 0.001 -13"><span class='ocrx_word' id='word_1_119' title='bbox 70 1418 95 1456; x_wconf 89' lang='lat' dir='ltr'>lis</span> <span class='ocrx_word' id='word_1_120' title='bbox 110 1418 131 1457; x_wconf 91' lang='lat' dir='ltr'>in</span> <span class='ocrx_word' id='word_1_121' title='bbox 150 1418 237 1457; x_wconf 85' lang='lat' dir='ltr'>herboso</span> <span class='ocrx_word' id='word_1_122' title='bbox 252 1417 337 1457; x_wconf 89' lang='lat' dir='ltr'>concidit</span> <span class='ocrx_word' id='word_1_123' title='bbox 352 1416 478 1470; x_wconf 79' lang='lat' dir='ltr'>Apidano.</span> <span class='ocrx_word' id='word_1_124' title='bbox 501 1418 569 1459; x_wconf 89' lang='lat' dir='ltr'>tacent</span> <span class='ocrx_word' id='word_1_125' title='bbox 583 1418 705 1470; x_wconf 68' lang='lat' dir='ltr'>interpretes</span> <span class='ocrx_word' id='word_1_126' title='bbox 719 1417 748 1457; x_wconf 89' lang='lat' dir='ltr'>ilh&#39;</span> <span class='ocrx_word' id='word_1_127' title='bbox 763 1431 810 1470; x_wconf 85' lang='lat' dir='ltr'>quo-</span> 
     </span>
     <span class='ocr_line' id='line_1_19' title="bbox 70 1486 811 1539; baseline 0 -13"><span class='ocrx_word' id='word_1_128' title='bbox 70 1501 109 1538; x_wconf 81' lang='lat' dir='ltr'>qne</span> <span class='ocrx_word' id='word_1_129' title='bbox 134 1487 168 1539; x_wconf 88' lang='lat' dir='ltr'>qui</span> <span class='ocrx_word' id='word_1_130' title='bbox 192 1486 329 1527; x_wconf 80' lang='lat' dir='ltr'>verbosissimi</span> <span class='ocrx_word' id='word_1_131' title='bbox 354 1486 420 1526; x_wconf 90' lang='lat' dir='ltr'>solent</span> <span class='ocrx_word' id='word_1_132' title='bbox 443 1499 494 1527; x_wconf 84' lang='lat' dir='ltr'>esse.</span> <span class='ocrx_word' id='word_1_133' title='bbox 529 1486 662 1527; x_wconf 82' lang='lat' dir='ltr'>Bacchanalia</span> <span class='ocrx_word' id='word_1_134' title='bbox 686 1488 753 1527; x_wconf 85' lang='lat' dir='ltr'>autom</span> <span class='ocrx_word' id='word_1_135' title='bbox 775 1499 811 1539; x_wconf 87' lang='lat' dir='ltr'>per</span> 
     </span>
     <span class='ocr_line' id='line_1_20' title="bbox 70 1555 810 1596; baseline 0 -1"><span class='ocrx_word' id='word_1_136' title='bbox 70 1556 194 1596; x_wconf 84' lang='lat' dir='ltr'>Thessaliam</span> <span class='ocrx_word' id='word_1_137' title='bbox 208 1555 294 1595; x_wconf 87' lang='lat' dir='ltr'>multum</span> <span class='ocrx_word' id='word_1_138' title='bbox 308 1555 408 1595; x_wconf 87' lang='lat' dir='ltr'>celebrata</span> <span class='ocrx_word' id='word_1_139' title='bbox 424 1569 451 1595; x_wconf 79' lang='lat' dir='ltr'>ex</span> <span class='ocrx_word' id='word_1_140' title='bbox 465 1556 520 1595; x_wconf 89' lang='lat' dir='ltr'>nullo</span> <span class='ocrx_word' id='word_1_141' title='bbox 535 1556 593 1596; x_wconf 86' lang='lat' dir='ltr'>nobis</span> <span class='ocrx_word' id='word_1_142' title='bbox 603 1556 716 1596; x_wconf 84' lang='lat' dir='ltr'>testimonio</span> <span class='ocrx_word' id='word_1_143' title='bbox 727 1556 810 1596; x_wconf 89' lang='lat' dir='ltr'>constat.</span> 
     </span>
     <span class='ocr_line' id='line_1_21' title="bbox 69 1623 812 1677; baseline -0.001 -12"><span class='ocrx_word' id='word_1_144' title='bbox 69 1639 134 1677; x_wconf 87' lang='lat' dir='ltr'>neque</span> <span class='ocrx_word' id='word_1_145' title='bbox 154 1625 244 1665; x_wconf 84' lang='lat' dir='ltr'>constitit</span> <span class='ocrx_word' id='word_1_146' title='bbox 258 1625 372 1677; x_wconf 78' lang='lat' dir='ltr'>Propertio,</span> <span class='ocrx_word' id='word_1_147' title='bbox 394 1625 430 1665; x_wconf 87' lang='lat' dir='ltr'>sed</span> <span class='ocrx_word' id='word_1_148' title='bbox 445 1638 490 1664; x_wconf 84' lang='lat' dir='ltr'>crnn</span> <span class='ocrx_word' id='word_1_149' title='bbox 506 1626 585 1666; x_wconf 88' lang='lat' dir='ltr'>nomine</span> <span class='ocrx_word' id='word_1_150' title='bbox 601 1623 678 1666; x_wconf 76' lang='lat' dir='ltr'>Graeco</span> <span class='ocrx_word' id='word_1_151' title='bbox 694 1627 715 1665; x_wconf 91' lang='lat' dir='ltr'>et</span> <span class='ocrx_word' id='word_1_152' title='bbox 729 1638 812 1665; x_wconf 86' lang='lat' dir='ltr'>versum</span> 
     </span>
     <span class='ocr_line' id='line_1_22' title="bbox 70 1694 811 1747; baseline 0 -13"><span class='ocrx_word' id='word_1_153' title='bbox 70 1695 160 1734; x_wconf 73' lang='lat' dir='ltr'>suaviter</span> <span class='ocrx_word' id='word_1_154' title='bbox 177 1694 234 1734; x_wconf 88' lang='lat' dir='ltr'>finire</span> <span class='ocrx_word' id='word_1_155' title='bbox 253 1695 316 1734; x_wconf 84' lang='lat' dir='ltr'>vellet</span> <span class='ocrx_word' id='word_1_156' title='bbox 334 1696 355 1734; x_wconf 92' lang='lat' dir='ltr'>et</span> <span class='ocrx_word' id='word_1_157' title='bbox 375 1695 514 1747; x_wconf 65' lang='lat' dir='ltr'>descriptionis</span> <span class='ocrx_word' id='word_1_158' title='bbox 533 1696 591 1747; x_wconf 78' lang='lat' dir='ltr'>quasi</span> <span class='ocrx_word' id='word_1_159' title='bbox 609 1696 715 1735; x_wconf 79' lang='lat' dir='ltr'>ueritatem</span> <span class='ocrx_word' id='word_1_160' title='bbox 735 1708 811 1747; x_wconf 80' lang='lat' dir='ltr'>augere</span> 
     </span>
     <span class='ocr_line' id='line_1_23' title="bbox 70 1763 811 1816; baseline 0 -13"><span class='ocrx_word' id='word_1_161' title='bbox 70 1765 153 1814; x_wconf 86' lang='lat' dir='ltr'>(hahent</span> <span class='ocrx_word' id='word_1_162' title='bbox 172 1764 225 1803; x_wconf 88' lang='lat' dir='ltr'>enim</span> <span class='ocrx_word' id='word_1_163' title='bbox 246 1763 343 1803; x_wconf 86' lang='lat' dir='ltr'>eiusmodi</span> <span class='ocrx_word' id='word_1_164' title='bbox 361 1763 442 1803; x_wconf 89' lang='lat' dir='ltr'>nomina</span> <span class='ocrx_word' id='word_1_165' title='bbox 461 1765 512 1803; x_wconf 88' lang='lat' dir='ltr'>hanc</span> <span class='ocrx_word' id='word_1_166' title='bbox 530 1764 581 1813; x_wconf 89' lang='lat' dir='ltr'>vim,</span> <span class='ocrx_word' id='word_1_167' title='bbox 599 1766 622 1804; x_wconf 92' lang='lat' dir='ltr'>ut</span> <span class='ocrx_word' id='word_1_168' title='bbox 636 1765 728 1804; x_wconf 81' lang='lat' dir='ltr'>ueritatis</span> <span class='ocrx_word' id='word_1_169' title='bbox 744 1765 811 1816; x_wconf 88' lang='lat' dir='ltr'>specie</span> 
     </span>
     <span class='ocr_line' id='line_1_24' title="bbox 68 1832 811 1886; baseline -0.003 -13"><span class='ocrx_word' id='word_1_170' title='bbox 68 1834 139 1873; x_wconf 80' lang='lat' dir='ltr'>fallant</span> <span class='ocrx_word' id='word_1_171' title='bbox 152 1833 212 1873; x_wconf 80' lang='lat' dir='ltr'>etiarn</span> <span class='ocrx_word' id='word_1_172' title='bbox 225 1834 308 1885; x_wconf 75' lang='lat' dir='ltr'>ignaros</span> <span class='ocrx_word' id='word_1_173' title='bbox 321 1832 444 1884; x_wconf 66' lang='lat' dir='ltr'>regionum),</span> <span class='ocrx_word' id='word_1_174' title='bbox 459 1846 499 1872; x_wconf 92' lang='lat' dir='ltr'>non</span> <span class='ocrx_word' id='word_1_175' title='bbox 511 1845 633 1886; x_wconf 80' lang='lat' dir='ltr'>magnopere</span> <span class='ocrx_word' id='word_1_176' title='bbox 644 1832 744 1886; x_wconf 77' lang='lat' dir='ltr'>qrraesiuit</span> <span class='ocrx_word' id='word_1_177' title='bbox 758 1834 811 1884; x_wconf 83' lang='lat' dir='ltr'>quod</span> 
     </span>
     <span class='ocr_line' id='line_1_25' title="bbox 70 1901 811 1954; baseline -0.001 -11"><span class='ocrx_word' id='word_1_178' title='bbox 70 1904 100 1943; x_wconf 87' lang='lat' dir='ltr'>rei</span> <span class='ocrx_word' id='word_1_179' title='bbox 123 1905 216 1943; x_wconf 86' lang='lat' dir='ltr'>accurate</span> <span class='ocrx_word' id='word_1_180' title='bbox 236 1903 365 1954; x_wconf 81' lang='lat' dir='ltr'>congrueret,</span> <span class='ocrx_word' id='word_1_181' title='bbox 390 1915 462 1941; x_wconf 84' lang='lat' dir='ltr'>verum</span> <span class='ocrx_word' id='word_1_182' title='bbox 481 1903 568 1943; x_wconf 77' lang='lat' dir='ltr'>contusis</span> <span class='ocrx_word' id='word_1_183' title='bbox 588 1903 674 1942; x_wconf 85' lang='lat' dir='ltr'>fortasse</span> <span class='ocrx_word' id='word_1_184' title='bbox 695 1901 772 1942; x_wconf 87' lang='lat' dir='ltr'>Thraca</span> <span class='ocrx_word' id='word_1_185' title='bbox 791 1904 811 1942; x_wconf 92' lang='lat' dir='ltr'>et</span> 
     </span>
     <span class='ocr_line' id='line_1_26' title="bbox 70 1971 811 2026; baseline 0 -15"><span class='ocrx_word' id='word_1_186' title='bbox 70 1972 175 2012; x_wconf 84' lang='lat' dir='ltr'>Thessalia</span> <span class='ocrx_word' id='word_1_187' title='bbox 198 1971 313 2026; x_wconf 80' lang='lat' dir='ltr'>Apidanum</span> <span class='ocrx_word' id='word_1_188' title='bbox 337 1971 499 2011; x_wconf 78' lang='lat' dir='ltr'>commemorauit</span> <span class='ocrx_word' id='word_1_189' title='bbox 521 1985 586 2025; x_wconf 89' lang='lat' dir='ltr'>neque</span> <span class='ocrx_word' id='word_1_190' title='bbox 608 1973 716 2025; x_wconf 87' lang='lat' dir='ltr'>propterea</span> <span class='ocrx_word' id='word_1_191' title='bbox 737 1984 811 2024; x_wconf 80' lang='lat' dir='ltr'>magna</span> 
     </span>
     <span class='ocr_line' id='line_1_27' title="bbox 70 2040 811 2093; baseline 0.001 -13"><span class='ocrx_word' id='word_1_192' title='bbox 70 2041 217 2093; x_wconf 79' lang='lat' dir='ltr'>uituperatione</span> <span class='ocrx_word' id='word_1_193' title='bbox 235 2042 309 2093; x_wconf 82' lang='lat' dir='ltr'>dignus</span> <span class='ocrx_word' id='word_1_194' title='bbox 329 2042 364 2080; x_wconf 87' lang='lat' dir='ltr'>est.</span> <span class='ocrx_word' id='word_1_195' title='bbox 394 2040 484 2080; x_wconf 87' lang='lat' dir='ltr'>similiter</span> <span class='ocrx_word' id='word_1_196' title='bbox 498 2040 582 2081; x_wconf 83' lang='lat' dir='ltr'>Herculi</span> <span class='ocrx_word' id='word_1_197' title='bbox 596 2041 719 2081; x_wconf 83' lang='lat' dir='ltr'>Maenalium</span> <span class='ocrx_word' id='word_1_198' title='bbox 733 2041 811 2082; x_wconf 81' lang='lat' dir='ltr'>ramum</span> 
     </span>
     <span class='ocr_line' id='line_1_28' title="bbox 71 2109 761 2165; baseline 0.001 -15"><span class='ocrx_word' id='word_1_199' title='bbox 71 2111 150 2150; x_wconf 79' lang='lat' dir='ltr'>videtur</span> <span class='ocrx_word' id='word_1_200' title='bbox 165 2111 270 2150; x_wconf 87' lang='lat' dir='ltr'>tribuisse:</span> <span class='ocrx_word' id='word_1_201' title='bbox 287 2114 343 2149; x_wconf 88' lang='lat' dir='ltr'>certe</span> <span class='ocrx_word' id='word_1_202' title='bbox 357 2109 413 2150; x_wconf 88' lang='lat' dir='ltr'>nulla</span> <span class='ocrx_word' id='word_1_203' title='bbox 427 2110 464 2150; x_wconf 88' lang='lat' dir='ltr'>hoo</span> <span class='ocrx_word' id='word_1_204' title='bbox 479 2110 546 2151; x_wconf 85' lang='lat' dir='ltr'>sabula</span> <span class='ocrx_word' id='word_1_205' title='bbox 562 2111 658 2164; x_wconf 85' lang='lat' dir='ltr'>explicari</span> <span class='ocrx_word' id='word_1_206' title='bbox 671 2112 761 2165; x_wconf 63' lang='lat' dir='ltr'>poeste·</span> 
     </span>
    </p>
   </div>
   <div class='ocr_carea' id='block_1_4' title="bbox 68 2201 829 2810">
    <p class='ocr_par' dir='ltr' id='par_1_6' title="bbox 68 2201 829 2810">
     <span class='ocr_line' id='line_1_29' title="bbox 127 2201 810 2257; baseline 0.003 -16"><span class='ocrx_word' id='word_1_207' title='bbox 127 2202 158 2241; x_wconf 85' lang='lat' dir='ltr'>De</span> <span class='ocrx_word' id='word_1_208' title='bbox 173 2201 261 2254; x_wconf 84' lang='lat' dir='ltr'>Pflughii</span> <span class='ocrx_word' id='word_1_209' title='bbox 276 2201 356 2254; x_wconf 79' lang='lat' dir='ltr'>quidem</span> <span class='ocrx_word' id='word_1_210' title='bbox 369 2204 482 2242; x_wconf 86' lang='lat' dir='ltr'>commento</span> <span class='ocrx_word' id='word_1_211' title='bbox 496 2202 528 2242; x_wconf 90' lang='lat' dir='ltr'>hic</span> <span class='ocrx_word' id='word_1_212' title='bbox 542 2202 651 2243; x_wconf 87' lang='lat' dir='ltr'>mittamus.</span> <span class='ocrx_word' id='word_1_213' title='bbox 680 2202 810 2257; x_wconf 80' lang='lat' dir='ltr'>Aoriusuero</span> 
     </span>
     <span class='ocr_line' id='line_1_30' title="bbox 68 2271 810 2324; baseline 0.001 -13"><span class='ocrx_word' id='word_1_214' title='bbox 68 2272 185 2311; x_wconf 86' lang='lat' dir='ltr'>intendatur</span> <span class='ocrx_word' id='word_1_215' title='bbox 197 2271 280 2320; x_wconf 76' lang='lat' dir='ltr'>indicio,</span> <span class='ocrx_word' id='word_1_216' title='bbox 299 2283 336 2323; x_wconf 85' lang='lat' dir='ltr'>quo</span> <span class='ocrx_word' id='word_1_217' title='bbox 352 2271 377 2309; x_wconf 91' lang='lat' dir='ltr'>de</span> <span class='ocrx_word' id='word_1_218' title='bbox 395 2271 486 2310; x_wconf 79' lang='lat' dir='ltr'>ueterum</span> <span class='ocrx_word' id='word_1_219' title='bbox 500 2273 606 2324; x_wconf 85' lang='lat' dir='ltr'>poetarum</span> <span class='ocrx_word' id='word_1_220' title='bbox 620 2271 741 2312; x_wconf 84' lang='lat' dir='ltr'>carminibus</span> <span class='ocrx_word' id='word_1_221' title='bbox 755 2272 810 2312; x_wconf 84' lang='lat' dir='ltr'>uide-</span> 
     </span>
     <span class='ocr_line' id='line_1_31' title="bbox 69 2339 811 2394; baseline 0.001 -14"><span class='ocrx_word' id='word_1_222' title='bbox 69 2355 114 2380; x_wconf 88' lang='lat' dir='ltr'>mus</span> <span class='ocrx_word' id='word_1_223' title='bbox 128 2341 279 2394; x_wconf 88' lang='lat' dir='ltr'>pronuntiatum</span> <span class='ocrx_word' id='word_1_224' title='bbox 295 2352 345 2378; x_wconf 87' lang='lat' dir='ltr'>esse.</span> <span class='ocrx_word' id='word_1_225' title='bbox 375 2339 414 2379; x_wconf 85' lang='lat' dir='ltr'>Est</span> <span class='ocrx_word' id='word_1_226' title='bbox 427 2341 515 2393; x_wconf 82' lang='lat' dir='ltr'>profecto</span> <span class='ocrx_word' id='word_1_227' title='bbox 530 2341 568 2381; x_wconf 89' lang='lat' dir='ltr'>hoc</span> <span class='ocrx_word' id='word_1_228' title='bbox 580 2341 660 2392; x_wconf 83' lang='lat' dir='ltr'>insigne</span> <span class='ocrx_word' id='word_1_229' title='bbox 670 2341 811 2382; x_wconf 88' lang='lat' dir='ltr'>documentum</span> 
     </span>
     <span class='ocr_line' id='line_1_32' title="bbox 69 2408 811 2463; baseline 0.003 -15"><span class='ocrx_word' id='word_1_230' title='bbox 69 2411 147 2460; x_wconf 66' lang='lat' dir='ltr'>laesae,</span> <span class='ocrx_word' id='word_1_231' title='bbox 173 2422 232 2463; x_wconf 83' lang='lat' dir='ltr'>qnam</span> <span class='ocrx_word' id='word_1_232' title='bbox 254 2410 299 2462; x_wconf 88' lang='lat' dir='ltr'>ipse</span> <span class='ocrx_word' id='word_1_233' title='bbox 323 2408 426 2462; x_wconf 86' lang='lat' dir='ltr'>Hauptins</span> <span class='ocrx_word' id='word_1_234' title='bbox 451 2410 476 2449; x_wconf 92' lang='lat' dir='ltr'>de</span> <span class='ocrx_word' id='word_1_235' title='bbox 495 2410 594 2463; x_wconf 88' lang='lat' dir='ltr'>Propertii</span> <span class='ocrx_word' id='word_1_236' title='bbox 618 2411 706 2450; x_wconf 84' lang='lat' dir='ltr'>maxime</span> <span class='ocrx_word' id='word_1_237' title='bbox 726 2412 770 2451; x_wconf 87' lang='lat' dir='ltr'>arte</span> <span class='ocrx_word' id='word_1_238' title='bbox 790 2412 811 2450; x_wconf 93' lang='lat' dir='ltr'>et</span> 
     </span>
     <span class='ocr_line' id='line_1_33' title="bbox 70 2475 810 2533; baseline 0.003 -15"><span class='ocrx_word' id='word_1_239' title='bbox 70 2480 159 2519; x_wconf 86' lang='lat' dir='ltr'>doctrina</span> <span class='ocrx_word' id='word_1_240' title='bbox 170 2480 231 2519; x_wconf 87' lang='lat' dir='ltr'>habet</span> <span class='ocrx_word' id='word_1_241' title='bbox 246 2480 393 2529; x_wconf 80' lang='lat' dir='ltr'>conservatque</span> <span class='ocrx_word' id='word_1_242' title='bbox 407 2475 540 2531; x_wconf 75' lang='lat' dir='ltr'>sanctissime,</span> <span class='ocrx_word' id='word_1_243' title='bbox 556 2479 659 2533; x_wconf 85' lang='lat' dir='ltr'>opinionis</span> <span class='ocrx_word' id='word_1_244' title='bbox 689 2480 762 2533; x_wconf 84' lang='lat' dir='ltr'>Itaque</span> <span class='ocrx_word' id='word_1_245' title='bbox 773 2494 810 2533; x_wconf 78' lang='lat' dir='ltr'>quo</span> 
     </span>
     <span class='ocr_line' id='line_1_34' title="bbox 70 2547 810 2601; baseline 0.001 -14"><span class='ocrx_word' id='word_1_246' title='bbox 70 2548 190 2600; x_wconf 82' lang='lat' dir='ltr'>gravissima</span> <span class='ocrx_word' id='word_1_247' title='bbox 207 2548 279 2597; x_wconf 85' lang='lat' dir='ltr'>iniuria</span> <span class='ocrx_word' id='word_1_248' title='bbox 298 2548 349 2586; x_wconf 87' lang='lat' dir='ltr'>tanti</span> <span class='ocrx_word' id='word_1_249' title='bbox 367 2547 405 2586; x_wconf 73' lang='lat' dir='ltr'>riri</span> <span class='ocrx_word' id='word_1_250' title='bbox 422 2548 558 2601; x_wconf 84' lang='lat' dir='ltr'>disputatione</span> <span class='ocrx_word' id='word_1_251' title='bbox 577 2550 664 2589; x_wconf 87' lang='lat' dir='ltr'>conflata</span> <span class='ocrx_word' id='word_1_252' title='bbox 682 2550 810 2589; x_wconf 74' lang='lat' dir='ltr'>defendatur:</span> 
     </span>
     <span class='ocr_line' id='line_1_35' title="bbox 70 2616 829 2671; baseline 0.004 -14"><span class='ocrx_word' id='word_1_253' title='bbox 70 2617 123 2671; x_wconf 87' lang='lat' dir='ltr'>qnod</span> <span class='ocrx_word' id='word_1_254' title='bbox 138 2619 200 2668; x_wconf 76' lang='lat' dir='ltr'>negat</span> <span class='ocrx_word' id='word_1_255' title='bbox 214 2617 248 2655; x_wconf 92' lang='lat' dir='ltr'>ille</span> <span class='ocrx_word' id='word_1_256' title='bbox 263 2618 304 2656; x_wconf 92' lang='lat' dir='ltr'>nllo</span> <span class='ocrx_word' id='word_1_257' title='bbox 319 2616 376 2657; x_wconf 84' lang='lat' dir='ltr'>nobis</span> <span class='ocrx_word' id='word_1_258' title='bbox 387 2618 500 2658; x_wconf 90' lang='lat' dir='ltr'>testimonio</span> <span class='ocrx_word' id='word_1_259' title='bbox 512 2620 605 2659; x_wconf 88' lang='lat' dir='ltr'>constare</span> <span class='ocrx_word' id='word_1_260' title='bbox 615 2619 641 2658; x_wconf 89' lang='lat' dir='ltr'>de</span> <span class='ocrx_word' id='word_1_261' title='bbox 651 2618 829 2660; x_wconf 67' lang='lat' dir='ltr'>Bacchanalibusa</span> 
     </span>
     <span class='ocr_line' id='line_1_36' title="bbox 69 2673 810 2740; baseline 0.001 -15"><span class='ocrx_word' id='word_1_262' title='bbox 69 2700 105 2740; x_wconf 87' lang='lat' dir='ltr'>per</span> <span class='ocrx_word' id='word_1_263' title='bbox 121 2685 246 2726; x_wconf 86' lang='lat' dir='ltr'>Thessaliam</span> <span class='ocrx_word' id='word_1_264' title='bbox 261 2685 347 2725; x_wconf 84' lang='lat' dir='ltr'>multum</span> <span class='ocrx_word' id='word_1_265' title='bbox 360 2685 475 2736; x_wconf 84' lang='lat' dir='ltr'>celebratis,</span> <span class='ocrx_word' id='word_1_266' title='bbox 489 2687 510 2726; x_wconf 91' lang='lat' dir='ltr'>id</span> <span class='ocrx_word' id='word_1_267' title='bbox 525 2688 576 2728; x_wconf 83' lang='lat' dir='ltr'>falso</span> <span class='ocrx_word' id='word_1_268' title='bbox 591 2690 657 2740; x_wconf 84' lang='lat' dir='ltr'>negat.</span> <span class='ocrx_word' id='word_1_269' title='bbox 683 2673 810 2739; x_wconf 70' lang='lat' dir='ltr'>Quamquam</span> 
     </span>
     <span class='ocr_line' id='line_1_37' title="bbox 70 2755 810 2810; baseline 0.001 -14"><span class='ocrx_word' id='word_1_270' title='bbox 70 2755 180 2796; x_wconf 82' lang='lat' dir='ltr'>Schoenius</span> <span class='ocrx_word' id='word_1_271' title='bbox 203 2767 282 2806; x_wconf 83' lang='lat' dir='ltr'>quoque</span> <span class='ocrx_word' id='word_1_272' title='bbox 303 2768 341 2808; x_wconf 82' lang='lat' dir='ltr'>quo</span> <span class='ocrx_word' id='word_1_273' title='bbox 360 2755 403 2795; x_wconf 87' lang='lat' dir='ltr'>loco</span> <span class='ocrx_word' id='word_1_274' title='bbox 420 2757 499 2796; x_wconf 88' lang='lat' dir='ltr'>montes</span> <span class='ocrx_word' id='word_1_275' title='bbox 513 2756 618 2810; x_wconf 81' lang='lat' dir='ltr'>vallesque</span> <span class='ocrx_word' id='word_1_276' title='bbox 631 2756 734 2797; x_wconf 74' lang='lat' dir='ltr'>Bacchidis</span> <span class='ocrx_word' id='word_1_277' title='bbox 749 2758 810 2798; x_wconf 85' lang='lat' dir='ltr'>sacris</span> 
     </span>
    </p>
   </div>
   <div class='ocr_carea' id='block_1_5' title="bbox 0 0 894 2885">
    <p class='ocr_par' dir='ltr' id='par_1_7' title="bbox 0 0 894 2885">
     <span class='ocr_line' id='line_1_38' title="bbox 0 0 894 2885; baseline 0 0"><span class='ocrx_word' id='word_1_278' title='bbox 0 0 894 2885; x_wconf 95' lang='lat' dir='ltr'> </span> 
     </span>
    </p>
   </div>
  </div>
 </body>
</html>
