1780 2885
115 75 143 113 lO
450 82 505 125 eaput
517 82 532 116 1.

115 189 193 227 strue.
202 186 315 239 intersepta
329 186 398 237 fuerit)
416 211 440 216 -
457 182 476 227 εἰ
496 183 520 227 δὲ
537 182 614 235 κοννδς
629 178 654 241 ἦν
665 183 734 239 ’μετὰ
751 183 857 243 σφύρας

113 250 227 295 ἀπέκοπτε
251 251 300 303 σούς
324 250 396 303 πόδας
420 247 495 305 ottob,
520 253 555 295 aa
575 251 673 310 ἐξισωθῇ
691 249 857 309 memoraba

113 323 219 363 tradiderit
233 322 328 363 omissam
341 324 365 362 ab
378 322 461 377 Hygino
472 324 510 363 fab.
521 326 559 364 38:
574 323 609 373 „si
623 323 703 375 longior
718 326 771 373 erat,
785 323 857 363 minori

112 392 164 431 leeto
178 391 281 444 proposito
295 392 394 442 reliquam
406 391 494 444 eorporis
505 393 584 444 partem
593 391 732 444 praecidebat,
747 390 778 429 sin
788 383 857 430 autem

113 459 193 499 breuior
209 461 288 499 statura
304 461 356 510 erat,
375 460 429 500 leeto
443 459 530 511 longiori
545 460 592 499 dato
607 460 748 500 incudibus
763 471 855 512 supppo-

113 527 176 568 sitis
193 528 315 567 extendebat
330 530 393 567 eum.“
418 528 469 574 ouis
480 527 534 568 enim
547 542 591 567 rem
604 529 707 568 vetustate
722 527 861 568 oblitteratam>

60 613 62 616 ’
112 595 138 634 de
153 596 233 648 integro
248 597 352 636 celebrare
367 597 387 635 et
397 609 496 648 usurpare
505 595 534 636 ita
543 596 646 645 instituat,
661 598 685 636 ut
694 596 785 647 ligneum
793 596 856 635 foisse

111 663 168 703 illum
182 664 296 703 malleolum
310 663 414 717 affirment
431 664 513 710 Quanto
526 664 560 703 vel
575 664 613 703 hoe
625 662 766 716 praestabilius
775 664 857 704 uidetur

112 746 170 782 esse,
184 735 207 772 ut
221 732 384 785 Peripheten
402 734 436 772 illo
456 733 500 772 loeo
516 746 528 773 a
542 733 646 785 Propertio
661 732 795 784 significatum
810 745 857 771 esse

112 801 246 840 arbitremur?
283 791 457 847 Quemadmodum
477 800 530 840 enim
547 800 643 840 Herculis
664 802 742 841 olavam
759 800 857 840 Pisander

111 881 202 921 aeream,
217 869 309 922 plerique
323 870 412 921 ligneam
426 870 489 909 fuisse
504 870 561 909 aiunt
576 871 607 920 (ut
619 869 641 908 in
655 883 698 922 oap.
708 869 743 908 IX
752 869 856 918 dicemus),

111 937 140 977 ita
155 939 212 977 salua
225 937 338 977 Pausaniae
352 937 542 986 auctoritatem,
556 940 579 976 4;
596 931 722 991 Περιφήκην
737 960 766 965 -
781 931 856 991 κορύνη

109 1002 177 1061 χαλκῇ
190 999 299 1060 χριόμενον
315 1002 337 1054 ἐς
351 1002 391 1054 τὰς
400 999 470 1058 μάχας
480 1006 502 1044 et
507 1003 624 1058 Apollodori
635 1004 712 1055 11116,
722 1008 739 1044 1.
750 1018 769 1057 p.
776 1008 823 1054 123,
832 1008 855 1044 3:

111 1068 186 1128 ἐφόρει
203 1067 288 1128 κορύνην
304 1072 403 1129 σιδηρᾶν,
418 1073 439 1113 in
454 1085 495 1125 qua
510 1074 640 1126 aequiescunt
653 1073 748 1126 llieyllus
761 1074 782 1112 in
797 1072 855 1113 Ouid.

111 1141 160 1182 liet.
174 1141 222 1182 VH.
242 1143 290 1182 437.
309 1155 328 1195 p.
344 1144 385 1182 501
403 1155 432 1194 sq.
471 1141 593 1194 Salvagnius
613 1142 634 1180 in
652 1142 681 1182 lb.
701 1143 749 1180 407.
772 1156 791 1194 p.
808 1145 855 1181 100.

39 1221 41 1224 '
110 1210 226 1263 Leopoldus
240 1210 262 1250 iu
277 1210 377 1250 Plutarch.
393 1209 452 1249 Thes.
468 1213 487 1259 8,
504 1213 521 1250 1.
542 1223 561 1262 p.
577 1211 604 1248 18
624 1210 674 1249 oonf.
687 1209 781 1249 Eustath.
796 1209 817 1248 in
832 1211 855 1249 ll.

110 1277 158 1317 VH.
175 1281 222 1319 138.
237 1291 256 1330 p.
274 1282 326 1328 672,
343 1280 382 1317 14:
404 1273 423 1318 εἰ
444 1274 467 1318 δὲ
487 1274 512 1317 νδ
531 1277 569 1317 τοῦ
589 1270 651 1326 ξύλον
668 1272 776 1330 ἐξδίκρον
797 1276 855 1327 παχὺ

111 1344 211 1402 σιδηρσῖν
235 1341 278 1401 εἴη,
304 1340 354 1386 τότε
379 1342 416 1385 καὶ
439 1341 534 1401 σιδηρείη
554 1341 629 1399 κορύνη
650 1341 733 1398 λέγεται
755 1339 800 1385 ιἰπδ
817 1340 856 1384 τοῦ

110 1414 236 1468 κεφαλωτοῦ
249 1411 326 1469 μέρους
340 1408 395 1454 οἷσιν
409 1412 526 1468 κληθεῖσα,
541 1413 610 1464 lignea
625 1415 719 1464 gestasse
732 1426 788 1452 arma
797 1413 852 1452 Peri-

110 1483 182 1535 phetes
196 1482 273 1522 narrari
287 1484 356 1535 potest
371 1482 480 1521 seeundum
494 1481 611 1534 Euripidem
626 1480 694 1534 Suppl.
711 1483 761 1520 724:
775 1472 854 1528 Αύσδς

111 1549 129 1590 δ’
149 1546 247 1602 ὅπλισμα
272 1543 426 1603 πσύπιδαύριον
450 1545 521 1601 λαβιδν
540 1549 617 1604 Δοινης
641 1546 726 1603 κορύνης
745 1544 853 1602 διαφέρων

111 1612 230 1673 ἐσφενδόνα
241 1612 307 1669 Ὁμοῦ
326 1611 441 1672 τραχηλσας
456 1612 608 1669 κάπικείμενον
622 1611 675 1671 κάρα
690 1612 774 1664 Κονέας
789 1610 852 1669 θερί-

111 1683 151 1735 ζων
159 1679 322 1737 κδποκανλίζανν
333 1680 399 1739 ξύλῳ
410 1688 431 1725 et
441 1686 531 1737 glossam
536 1686 598 1725 Paris.
605 1685 685 1725 Diodor.
691 1685 728 1725 IV.
735 1698 754 1736 p.
762 1687 809 1733 304,
816 1687 852 1724 90:

110 1749 184 1809 κορύνη
196 1749 242 1809 ἤτοι
257 1748 330 1808 ῥύβδην
344 1749 426 1808 παχειήι
437 1750 473 1793 καὶ
489 1746 660 1807 στρογγύλην
675 1746 750 1806 ἐχούσῃ
765 1766 852 1806 κεφα-

110 1820 157 1878 λὴν
177 1817 287 1877 ξυλίνην
307 1823 357 1863 conf.
371 1821 421 1874 Beg.
438 1821 497 1861 Thes
513 1820 589 1862 Brand.
602 1820 618 1861 Ι.
638 1834 657 1874 p.
673 1824 715 1869 913
735 1821 852 1861 arborem

111 1892 235 1933 ferratam
250 1892 328 1940 autem,
347 1892 370 1931 ut
385 1892 431 1931 utor
446 1889 506 1930 Statii
521 1890 588 1931 uerbis
603 1889 652 1930 ΧΠ.
669 1892 709 1931 700
724 1888 773 1929 eonf.
783 1888 852 1929 Barth.

111 1961 253 2013 p.1540sq.‚
274 1961 308 2001 vel
334 1960 413 2000 robur
432 1959 491 2009 illud,
517 1959 570 2013 quod
590 1959 750 2011 antiquissimum
768 1959 853 1998 telorum

111 2041 176 2081 genus
194 2029 232 2069 fuit
251 2031 281 2078 (ut
300 2029 376 2069 dicetur
397 2029 418 2068 in
435 2028 500 2081 eapite
515 2027 553 2069 IX.
569 2027 637 2068 Barth.
653 2027 674 2067 in
689 2026 751 2067 Theb.
766 2024 803 2065 IV.
819 2027 852 2066 [54.

111 2111 129 2150 p.
140 2100 189 2139 015.
205 2097 251 2137 Ver.
267 2097 330 2138 Sohol.
342 2097 379 2138 IV.
394 2100 441 2139 301.
457 2111 475 2150 p.
490 2100 555 2137 1012:
571 2097 683 2150 „pastorali
698 2097 778 2136 trunco:
795 2095 853 2134 olava

111 2179 149 2207 seu
160 2167 231 2206 robore
237 2167 267 2218 “),
282 2167 338 2207 licuit
353 2167 456 2219 appellare
470 2167 506 2205 aut
518 2162 615 2215 tudem,
631 2179 669 2218 qno
685 2164 775 2217 hospites
790 2175 852 2215 „eon-

111 2234 245 2273 tunderentur
270 2246 294 2274 ae
317 2235 509 2287 prosternerentur⁴‘
535 2234 606 2285 (Cang.
626 2232 693 2274 Gloss.
713 2246 732 2271 v.
746 2231 852 2271 Martellus

110 2302 136 2342 ll.
151 2316 169 2355 p.
177 2303 227 2354 409)
243 2305 289 2355 aut,
305 2303 323 2342 si
337 2316 381 2343 eam
396 2303 523 2343 insolentiam
538 2302 673 2356 respuendam
688 2301 781 2352 duxeris,
796 2302 853 2341 arbo-

110 2384 156 2412 reas
176 2372 264 2421 sudes,
283 2385 333 2424 quas
355 2385 407 2424 „pro
428 2373 491 2411 clavis
510 2372 588 2411 fnisse“
609 2372 677 2416 doeuit
692 2369 815 2410 Steweehius
832 2370 853 2409 in

111 2439 185 2493 Veget.
199 2439 225 2480 Π,
241 2443 273 2482 23.
294 2455 313 2494 p.
330 2444 377 2480 128.
408 2440 485 2481 Verum
508 2440 546 2480 hoe
571 2453 650 2493 quoque
671 2439 787 2490 ambagiosa
807 2452 852 2478 oon-

110 2509 216 2549 ieetatione
232 2510 344 2562 quaesitum
357 2522 381 2548 ao
395 2510 477 2549 dubium
492 2512 525 2548 est
544 2511 565 2548 et
581 2521 653 2561 parum
672 2508 810 2561 perspiouum,
830 2507 853 2545 ut

111 2578 171 2618 etiam
201 2579 265 2617 altera
290 2579 400 2619 mutatione
420 2591 473 2631 opus
499 2578 525 2618 sit
550 2578 621 2617 haece:
651 2577 852 2629 „Argolicasque

112 2648 208 2687 sndes“
